<record><header><identifier>oai:alma.41SLSP_UGE:991000769659705502</identifier><datestamp>2024-06-08T00:10:27Z</datestamp><setSpec>uge_bcen_RapidILL_BOOK</setSpec><setSpec>uge_aaca_RapidILL_BOOK</setSpec><setSpec>uge_abels_RapidILL_BOOK</setSpec><setSpec>uge_dbu_RapidILL_BOOK</setSpec><setSpec>uge_cmu_RapidILL_BOOK</setSpec><setSpec>uge_mail_RapidILL_BOOK</setSpec><setSpec>uge_abbat_RapidILL_BOOK</setSpec><setSpec>UNIGE_ALL</setSpec><setSpec>uge_acar_RapidILL_BOOK</setSpec><setSpec>uge_aobs_RapidILL_BOOK</setSpec></header><metadata>
<record xmlns="http://www.loc.gov/MARC21/slim" xmlns:xsi="http://www.w3.org/2001/XMLSchema-instance" xsi:schemaLocation="http://www.loc.gov/MARC21/slim http://www.loc.gov/standards/marcxml/schema/MARC21slim.xsd"><leader>01312nam a2200397uc 4500</leader><controlfield tag="001">991000769659705502</controlfield><controlfield tag="005">20240607130804.0</controlfield><controlfield tag="008">201011s1994    sp ||||| |||| 00| ||spa d</controlfield><datafield ind1=" " ind2=" " tag="020"><subfield code="z">8834474549</subfield></datafield><datafield ind1=" " ind2=" " tag="020"><subfield code="a">8434474549</subfield></datafield><datafield ind1=" " ind2=" " tag="035"><subfield code="a">(swissbib)216239729-41slsp_network</subfield></datafield><datafield ind1=" " ind2=" " tag="035"><subfield code="a">216239729</subfield><subfield code="9">ExL</subfield></datafield><datafield ind1=" " ind2=" " tag="035"><subfield code="a">(IDSBB)001299462DSV01</subfield></datafield><datafield ind1=" " ind2=" " tag="035"><subfield code="a">(IDSSG)000098856HSB01</subfield></datafield><datafield ind1=" " ind2=" " tag="035"><subfield code="a">(RERO)1994742-41slsp</subfield></datafield><datafield ind1=" " ind2=" " tag="035"><subfield code="a">(EXLNZ-41SLSP_NETWORK)991071007269705501</subfield></datafield><datafield ind1=" " ind2=" " tag="040"><subfield code="a">SzZuIDS BS/BE B450</subfield><subfield code="b">ger</subfield><subfield code="e">kids</subfield><subfield code="d">CH-ZuSLS</subfield></datafield><datafield ind1="1" ind2=" " tag="041"><subfield code="a">spa</subfield><subfield code="h">fre</subfield></datafield><datafield ind1=" " ind2="7" tag="072"><subfield code="a">ir</subfield><subfield code="2">SzZuIDS BS/BE</subfield></datafield><datafield ind1=" " ind2="7" tag="072"><subfield code="a">es</subfield><subfield code="2">rero</subfield></datafield><datafield ind1="1" ind2=" " tag="080"><subfield code="a">860(091)</subfield></datafield><datafield ind1=" " ind2=" " tag="084"><subfield code="a">IN 2265</subfield><subfield code="2">rvk</subfield></datafield><datafield ind1="0" ind2="0" tag="245"><subfield code="a">&lt;&lt;La&gt;&gt; edad media</subfield><subfield code="c">[trad. de Ana Blas]</subfield></datafield><datafield ind1=" " ind2="1" tag="264"><subfield code="c">1994</subfield></datafield><datafield ind1=" " ind2=" " tag="300"><subfield code="a">XII, 353 p.</subfield><subfield code="c">23 cm</subfield></datafield><datafield ind1=" " ind2=" " tag="336"><subfield code="b">txt</subfield><subfield code="2">rdacontent</subfield></datafield><datafield ind1=" " ind2=" " tag="337"><subfield code="b">n</subfield><subfield code="2">rdamedia</subfield></datafield><datafield ind1=" " ind2=" " tag="338"><subfield code="b">nc</subfield><subfield code="2">rdacarrier</subfield></datafield><datafield ind1="1" ind2=" " tag="490"><subfield code="a">Historia de la literatura española</subfield><subfield code="v">t. 1</subfield></datafield><datafield ind1=" " ind2=" " tag="504"><subfield code="a">Literaturverz.: S. 297-330</subfield></datafield><datafield ind1=" " ind2="7" tag="650"><subfield code="a">Littérature espagnole</subfield><subfield code="0">(IDREF)027236897</subfield><subfield code="2">idref</subfield></datafield><datafield ind1=" " ind2="7" tag="650"><subfield code="a">Moyen âge</subfield><subfield code="0">(IDREF)027329917</subfield><subfield code="2">idref</subfield></datafield><datafield ind1="1" ind2=" " tag="700"><subfield code="a">Blas, Ana</subfield><subfield code="0">(RERO)A003012875</subfield></datafield><datafield ind1=" " ind2="0" tag="830"><subfield code="a">Histoire de la littérature espagnole</subfield><subfield code="v">1</subfield><subfield code="w">(IDSSG)000092797HSB01</subfield></datafield><datafield ind1=" " ind2="0" tag="830"><subfield code="a">Historia de la literatura española</subfield><subfield code="v">1</subfield><subfield code="w">(IDSBB)001299456DSV01</subfield></datafield><datafield ind1=" " ind2="0" tag="830"><subfield code="a">Historia de la literatura española</subfield><subfield code="v">1</subfield><subfield code="w">(RERO)1994738-41slsp</subfield></datafield><datafield ind1=" " ind2=" " tag="900"><subfield code="a">REROnoselfmerge</subfield></datafield></record>
</metadata></record>