<record><header><identifier>oai:alma.41SLSP_UGE:991000794869705502</identifier><datestamp>2024-04-11T00:17:38Z</datestamp><setSpec>uge_bcen_RapidILL_BOOK</setSpec><setSpec>uge_aaca_RapidILL_BOOK</setSpec><setSpec>uge_abels_RapidILL_BOOK</setSpec><setSpec>uge_dbu_RapidILL_BOOK</setSpec><setSpec>uge_cmu_RapidILL_BOOK</setSpec><setSpec>uge_mail_RapidILL_BOOK</setSpec><setSpec>uge_abbat_RapidILL_BOOK</setSpec><setSpec>UNIGE_ALL</setSpec><setSpec>uge_aobs_RapidILL_BOOK</setSpec><setSpec>uge_acar_RapidILL_BOOK</setSpec></header><metadata>
<record xmlns="http://www.loc.gov/MARC21/slim" xmlns:xsi="http://www.w3.org/2001/XMLSchema-instance" xsi:schemaLocation="http://www.loc.gov/MARC21/slim http://www.loc.gov/standards/marcxml/schema/MARC21slim.xsd"><leader>07128nam a2200889 c 4500</leader><controlfield tag="001">991000794869705502</controlfield><controlfield tag="005">20240410143421.0</controlfield><controlfield tag="008">201012s2014    sz ||||| |||| 00| ||ger d</controlfield><datafield ind1=" " ind2=" " tag="020"><subfield code="a">9783725569519</subfield><subfield code="c">CHF 77.-</subfield></datafield><datafield ind1=" " ind2=" " tag="035"><subfield code="a">(swissbib)233626239-41slsp_network</subfield></datafield><datafield ind1=" " ind2=" " tag="035"><subfield code="a">233626239</subfield><subfield code="9">ExL</subfield></datafield><datafield ind1=" " ind2=" " tag="035"><subfield code="a">(RERO)R007655632-41slsp</subfield></datafield><datafield ind1=" " ind2=" " tag="035"><subfield code="a">(IDSBB)006231652DSV01</subfield></datafield><datafield ind1=" " ind2=" " tag="035"><subfield code="a">(IDSSG)000644774HSB01</subfield></datafield><datafield ind1=" " ind2=" " tag="035"><subfield code="a">(IDSLU)001140006ILU01</subfield></datafield><datafield ind1=" " ind2=" " tag="035"><subfield code="a">(NEBIS)010097053EBI01</subfield></datafield><datafield ind1=" " ind2=" " tag="035"><subfield code="a">(ABN)000740395ABN01</subfield></datafield><datafield ind1=" " ind2=" " tag="035"><subfield code="a">(ALEX)bv9974419301791</subfield></datafield><datafield ind1=" " ind2=" " tag="035"><subfield code="a">(EXLNZ-41SLSP_NETWORK)991138303339705501</subfield></datafield><datafield ind1=" " ind2=" " tag="040"><subfield code="a">RERO iftfla</subfield><subfield code="d">CH-ZuSLS</subfield></datafield><datafield ind1=" " ind2=" " tag="044"><subfield code="a">sz</subfield><subfield code="c">ch-zh</subfield></datafield><datafield ind1=" " ind2="7" tag="072"><subfield code="a">dr</subfield><subfield code="2">rero</subfield></datafield><datafield ind1=" " ind2="7" tag="072"><subfield code="a">rw</subfield><subfield code="2">SzZuIDS BS/BE</subfield></datafield><datafield ind1=" " ind2="7" tag="072"><subfield code="a">800</subfield><subfield code="2">IDS LU</subfield></datafield><datafield ind1=" " ind2="7" tag="072"><subfield code="a">830</subfield><subfield code="2">IDS LU</subfield></datafield><datafield ind1=" " ind2="7" tag="072"><subfield code="a">807</subfield><subfield code="2">IDS LU</subfield></datafield><datafield ind1="0" ind2=" " tag="082"><subfield code="a">345.49405</subfield><subfield code="2">23</subfield></datafield><datafield ind1="0" ind2="4" tag="082"><subfield code="a">347.49405</subfield><subfield code="2">22</subfield></datafield><datafield ind1="0" ind2="4" tag="082"><subfield code="a">340</subfield></datafield><datafield ind1="1" ind2="4" tag="082"><subfield code="a">340</subfield><subfield code="2">15</subfield></datafield><datafield ind1=" " ind2=" " tag="084"><subfield code="a">CA/CH 98.2 h</subfield><subfield code="2">cjurrom</subfield></datafield><datafield ind1=" " ind2=" " tag="084"><subfield code="a">CA/CH 38.4 h</subfield><subfield code="2">cjurrom</subfield></datafield><datafield ind1=" " ind2=" " tag="084"><subfield code="a">PH 6115</subfield><subfield code="2">rvk</subfield></datafield><datafield ind1="1" ind2=" " tag="100"><subfield code="a">Chen, Zhuoli</subfield><subfield code="0">(RERO)A021615415</subfield><subfield code="4">cre</subfield></datafield><datafield ind1="1" ind2="0" tag="245"><subfield code="a">&lt;&lt;Der&gt;&gt; Verzicht auf Verfahrensrechte durch die beschuldigte Person im schweizerischen Strafprozess</subfield><subfield code="c">Zhuoli Chen</subfield></datafield><datafield ind1=" " ind2="1" tag="264"><subfield code="a">Zürich</subfield><subfield code="b">Schulthess</subfield><subfield code="c">2014</subfield></datafield><datafield ind1=" " ind2=" " tag="300"><subfield code="a">233 S.</subfield><subfield code="c">23 cm</subfield></datafield><datafield ind1=" " ind2=" " tag="336"><subfield code="b">txt</subfield><subfield code="2">rdacontent</subfield></datafield><datafield ind1=" " ind2=" " tag="337"><subfield code="b">n</subfield><subfield code="2">rdamedia</subfield></datafield><datafield ind1=" " ind2=" " tag="338"><subfield code="b">nc</subfield><subfield code="2">rdacarrier</subfield></datafield><datafield ind1="1" ind2=" " tag="490"><subfield code="a">Luzerner Beiträge zur Rechtswissenschaft (LBR)</subfield><subfield code="v">Bd. 80</subfield></datafield><datafield ind1=" " ind2=" " tag="500"><subfield code="a">Register</subfield></datafield><datafield ind1=" " ind2=" " tag="500"><subfield code="a">Zugl.: Diss. jur. Luzern, 2013</subfield></datafield><datafield ind1=" " ind2=" " tag="502"><subfield code="a">Diss. Univ. Luzern, 2013</subfield></datafield><datafield ind1=" " ind2=" " tag="504"><subfield code="a">Literaturverz.</subfield></datafield><datafield ind1=" " ind2="7" tag="650"><subfield code="a">Procès</subfield><subfield code="0">(IDREF)027776298</subfield><subfield code="2">idref</subfield></datafield><datafield ind1=" " ind2="7" tag="650"><subfield code="a">Procédure pénale</subfield><subfield code="0">(IDREF)050575392</subfield><subfield code="2">idref</subfield></datafield><datafield ind1=" " ind2="7" tag="650"><subfield code="a">Acquiescement (droit)</subfield><subfield code="0">(IDREF)09628434X</subfield><subfield code="2">idref</subfield></datafield><datafield ind1=" " ind2="7" tag="650"><subfield code="a">Prévenus</subfield><subfield code="0">(IDREF)171573986</subfield><subfield code="2">idref</subfield></datafield><datafield ind1=" " ind2="7" tag="650"><subfield code="a">Strafprozess</subfield><subfield code="9">ger</subfield><subfield code="0">(RERO)jurivoc000021773ger</subfield><subfield code="2">jurivoc</subfield></datafield><datafield ind1=" " ind2="7" tag="650"><subfield code="a">Verfahrensgarantie</subfield><subfield code="9">ger</subfield><subfield code="0">(RERO)jurivoc000024369ger</subfield><subfield code="2">jurivoc</subfield></datafield><datafield ind1=" " ind2="7" tag="650"><subfield code="a">Verzicht(allgemein)</subfield><subfield code="9">ger</subfield><subfield code="0">(RERO)jurivoc000025468ger</subfield><subfield code="2">jurivoc</subfield></datafield><datafield ind1=" " ind2="7" tag="650"><subfield code="a">Beschuldigter</subfield><subfield code="9">ger</subfield><subfield code="0">(RERO)jurivoc000003449ger</subfield><subfield code="2">jurivoc</subfield></datafield><datafield ind1=" " ind2="7" tag="650"><subfield code="a">Verzicht</subfield><subfield code="0">(DE-588)4188174-6</subfield><subfield code="2">gnd</subfield></datafield><datafield ind1=" " ind2="7" tag="650"><subfield code="a">Beweisverwertung</subfield><subfield code="0">(DE-588)7753486-4</subfield><subfield code="2">gnd</subfield></datafield><datafield ind1=" " ind2="7" tag="650"><subfield code="a">Beweisaufnahme</subfield><subfield code="0">(DE-588)4145171-5</subfield><subfield code="2">gnd</subfield></datafield><datafield ind1=" " ind2="7" tag="650"><subfield code="a">Strafverfahrensrecht</subfield><subfield code="0">(DE-588)4116635-8</subfield><subfield code="2">gnd</subfield></datafield><datafield ind1=" " ind2="7" tag="650"><subfield code="a">Beschuldigter</subfield><subfield code="0">(DE-588)4144883-2</subfield><subfield code="2">gnd</subfield></datafield><datafield ind1=" " ind2="7" tag="650"><subfield code="a">Verfahrensrecht</subfield><subfield code="0">(DE-588)4126493-9</subfield><subfield code="2">gnd</subfield></datafield><datafield ind1=" " ind2="7" tag="650"><subfield code="a">SCHWEIZ (MITTELEUROPA). SCHWEIZERISCHE EIDGENOSSENSCHAFT</subfield><subfield code="9">ger</subfield><subfield code="0">(ETHUDK)000004571</subfield><subfield code="2">ethudk</subfield></datafield><datafield ind1=" " ind2="7" tag="650"><subfield code="a">STRAFPROZESSRECHT + STRAFUNTERSUCHUNG + STRAFVERFAHREN (STRAFRECHT)</subfield><subfield code="9">ger</subfield><subfield code="0">(ETHUDK)000011180</subfield><subfield code="2">ethudk</subfield></datafield><datafield ind1=" " ind2="7" tag="651"><subfield code="a">Suisse</subfield><subfield code="0">(IDREF)027249654</subfield><subfield code="2">idref</subfield></datafield><datafield ind1=" " ind2="7" tag="651"><subfield code="a">Schweiz</subfield><subfield code="9">ger</subfield><subfield code="0">(RERO)jurivoc000019912ger</subfield><subfield code="2">jurivoc</subfield></datafield><datafield ind1=" " ind2="7" tag="651"><subfield code="a">Schweiz</subfield><subfield code="0">(DE-588)4053881-3</subfield><subfield code="2">gnd</subfield></datafield><datafield ind1=" " ind2="7" tag="655"><subfield code="a">Hochschulschrift</subfield><subfield code="2">gnd-content</subfield></datafield><datafield ind1=" " ind2=" " tag="690"><subfield code="a">Menschenrechte; Strafverfahren; Untersuchungshaft; Justiz; Gesetz; Legalitätsprinzip; Verbot; Alleinhandelsrecht; Einwilligung; Beweis; Menschenwürde; Befehl; Verursacherprinzip; Vorbehalt; Befugnis; Verwertung; Verzeichnis; Vorschrift</subfield><subfield code="2">idssg-J</subfield></datafield><datafield ind1=" " ind2=" " tag="690"><subfield code="a">Verzichtserklärung; Durchsuchungsbefehl; Grundgedanke; Parteirecht; Richtervorbehalt; Lehrmeinung; Prozesshandlung; Verfahrenshandlung; Anwesenheitsrecht; Beschleunigungsgebot; Beschwerderecht; Beweisantragsrecht; Beweisverwertungsvorschrift; Konfrontationsrecht; Rechtskreistheorie; Siegelungsrecht; Strafbefehlsverfahren; Untersuchungsgrundsatz; Verfahrensgrundsatz; Verhältnismäßigkeitsprinzip; Widerspruchslösung; Abkürzungsverzeichnis; Dispositionsbefugnis; Literaturverzeichnis; Rechtsfigur; Unschuldsvermutung; Verfügungsbefugnis; Verzichtsbefugnis; Zwangsausübung; Würdeschutz; Beweiserhebungsvorschrift; Beweisverwertungsverbot; Bindungswirkung; Brechmitteleinsatz; Inhaltsübersicht; Schlusswort; Sonderfall; Teilnahme; Verzichtsobjekt; Verzichtssubjekt; Ausübungsverzicht; Grenzfall; Handlungsgrundlage; Interpretationsansatz; Justizmonopol; Nichtausüben; Nichtverzicht; Problemstellung; Rechtsverzicht; Verteidigungsverhältnis; Verzichtsbestimmung; Würdeverletzung; Zwischenergebnis; Einforderungsobliegenheit; Einschränkungsvoraussetzung; Handlungsform; Kerngehalt; Konfrontationspflicht; Privatklägerschaft; Sachregister; Schrankentrias; Verzichtsform; Verzichtsinteresse; Verzichtsschranke; Verzichtswille; Willensmangel; Zwangsmaßnahmencharakter; Zwangsmaßnahmengericht</subfield><subfield code="2">idssg-J</subfield></datafield><datafield ind1=" " ind2=" " tag="690"><subfield code="a">allgemeine Handlungsform; ausgewählter Entscheid; fehlerhafte Prozesshandlung; formelles Ziel; subjektiver Rechter; unverzichtbares Grundrecht; verzichtsfeindliches Interesse; verzichtsfreundliches Interesse; abgekürztes Verfahren; abgrenzene Rechtsfigur; absichtliche Täuschung; aktuelle Diskussion; allgemeine Verzichtsform; anfechtbarer Verzicht; ausgewählter Fall; autonomer Würdeschutz; behördliche Prozesshandlung; beschränkte Dispositionsbefugnis; beschuldigte Person; besondere Verzichtsform; bisheriger Ansatz; deutsche Rechtskreistheorie; fakultative Verteidigung; fehlerhafter Verzicht; fester Bestandteil; freiwillige Beschlagnahme; freiwillige Bildung; freiwillige Hausdurchsuchung; freiwillige Herausgabe; gesetzliche Grundlage; grundrechtlicher Ansatz; grundsätzliche Verzichtbarkeit; illegaler Beweis; kantonaler Entscheid; klassisches Rechtsmittel; materielles Ziel; negativer Ansatz; neuer Ansatz; nichtiger Verzicht; notwendige Verteidigung; partnerschaftliche Konzeption; positiver Ansatz; rechtliches Gehör; rechtliche Grundlage; rechtmäßige Zwangsausübung; rechtswidrige Zwangsausübung; rechtswissenschaftliche Fakultät; schweizerische Lehrmeinung; schweizerische Rechtsprechung; schweizerischer Strafprozess; schweizerisches Strafverfahren; spezifisches Verzichtsobjekt; staatlich Justizförmigkeit; staatliche Handlungsgrundlage; staatliches Justizmonopol; strafprozessrechtlicher Ansatz; strafprozessuale Absprache; strafprozessuale Handlungsform; strafprozessualer Verfahrensgrundsatz; unverjährbares Grundrecht; versäumte Geltendmachung; verzichtsresistentes Verwertungsverbot; wirksamer Verzicht; öffentliches Interesse; öffentlicher Rechter; übrige Partei</subfield><subfield code="2">idssg-J</subfield></datafield><datafield ind1=" " ind2=" " tag="690"><subfield code="a">Schweiz C4EXSI</subfield><subfield code="2">idssg-J</subfield></datafield><datafield ind1=" " ind2=" " tag="690"><subfield code="a">bisherig Ansatz Verzicht; Inhaltsübersicht Freiwillige Bildung; Jörg Schmid; Kapitel Ausgewählte Fälle; negativ Ansatz Fehlen; neu Ansatz Verzicht; schweizerisch Strafprozess Schulthess Inhaltsübersicht; Sonderfall Widerspruchslösung Verzicht; Strafprozess Luzerner Beiträge; Universität Luzern Band; Zhuoli Chen</subfield><subfield code="2">idssg-J</subfield></datafield><datafield ind1=" " ind2=" " tag="691"><subfield code="e">PC 98 CH</subfield><subfield code="2">rzs-L1</subfield></datafield><datafield ind1=" " ind2="0" tag="830"><subfield code="a">Luzerner Beiträge zur Rechtswissenschaft (LBR)</subfield><subfield code="v">80</subfield><subfield code="w">(RERO)R003367317-41slsp</subfield></datafield><datafield ind1="4" ind2=" " tag="856"><subfield code="3">Titelblatt und Inhaltsverzeichnis</subfield><subfield code="u">https://toc.library.ethz.ch/objects/pdf03/z01_978-3-7255-6951-9_01.pdf</subfield><subfield code="q">pdf</subfield></datafield><datafield ind1=" " ind2=" " tag="900"><subfield code="a">IDSZ1ZH</subfield></datafield><datafield ind1=" " ind2=" " tag="900"><subfield code="a">IDSZ2zbzmon201403p</subfield><subfield code="c">IDSZ2wuet</subfield><subfield code="d">IDSZ2zbzswk201403g</subfield><subfield code="e">IDSZ2bruu</subfield></datafield><datafield ind1=" " ind2=" " tag="900"><subfield code="c">IDSZ2buche</subfield><subfield code="d">IDSZ2rwiswk201403b</subfield><subfield code="e">IDSZ2cont</subfield></datafield><datafield ind1=" " ind2=" " tag="900"><subfield code="a">IDSE5E51ANH-2015</subfield></datafield><datafield ind1=" " ind2=" " tag="949"><subfield code="a">https://toc.library.ethz.ch/objects/pdf03/z01_978-3-7255-6951-9_01.pdf</subfield></datafield></record>
</metadata></record>