<record><header><identifier>oai:alma.41SLSP_UGE:991000794659705502</identifier><datestamp>2023-03-17T01:52:17Z</datestamp><setSpec>uge_bcen_RapidILL_BOOK</setSpec><setSpec>uge_aaca_RapidILL_BOOK</setSpec><setSpec>uge_abels_RapidILL_BOOK</setSpec><setSpec>uge_dbu_RapidILL_BOOK</setSpec><setSpec>uge_cmu_RapidILL_BOOK</setSpec><setSpec>uge_mail_RapidILL_BOOK</setSpec><setSpec>uge_abbat_RapidILL_BOOK</setSpec><setSpec>UNIGE_ALL</setSpec><setSpec>uge_acar_RapidILL_BOOK</setSpec><setSpec>uge_aobs_RapidILL_BOOK</setSpec></header><metadata>
<record xmlns="http://www.loc.gov/MARC21/slim" xmlns:xsi="http://www.w3.org/2001/XMLSchema-instance" xsi:schemaLocation="http://www.loc.gov/MARC21/slim http://www.loc.gov/standards/marcxml/schema/MARC21slim.xsd"><leader>01744nam a2200421 c 4500</leader><controlfield tag="001">991000794659705502</controlfield><controlfield tag="005">20230316201035.0</controlfield><controlfield tag="008">201011t19931993xxu||||| |||| 00| ||eng d</controlfield><datafield ind1=" " ind2=" " tag="010"><subfield code="a">92005764</subfield></datafield><datafield ind1=" " ind2=" " tag="020"><subfield code="a">0780304047</subfield></datafield><datafield ind1=" " ind2=" " tag="035"><subfield code="a">(swissbib)228129079-41slsp_network</subfield></datafield><datafield ind1=" " ind2=" " tag="035"><subfield code="a">228129079</subfield><subfield code="9">ExL</subfield></datafield><datafield ind1=" " ind2=" " tag="035"><subfield code="a">(RERO)1914858-41slsp</subfield></datafield><datafield ind1=" " ind2=" " tag="035"><subfield code="a">(NEBIS)000684170EBI01</subfield></datafield><datafield ind1=" " ind2=" " tag="035"><subfield code="a">(EXLNZ-41SLSP_NETWORK)991074940099705501</subfield></datafield><datafield ind1=" " ind2=" " tag="040"><subfield code="a">RERO geucui</subfield><subfield code="d">CH-ZuSLS</subfield></datafield><datafield ind1=" " ind2="7" tag="072"><subfield code="a">in</subfield><subfield code="2">rero</subfield></datafield><datafield ind1="0" ind2="0" tag="245"><subfield code="a">Robot control</subfield><subfield code="b">dynamics, motion planning, and analysis</subfield><subfield code="c">ed. by Mark W. Spong, F.L. Lewis, C.T. Abdallah</subfield></datafield><datafield ind1=" " ind2="1" tag="264"><subfield code="a">Piscataway, NJ</subfield><subfield code="b">IEEE Press</subfield><subfield code="c">[1993]</subfield></datafield><datafield ind1=" " ind2="4" tag="264"><subfield code="c">© 1993</subfield></datafield><datafield ind1=" " ind2=" " tag="300"><subfield code="a">IX, 539 p.</subfield><subfield code="b">ill.</subfield><subfield code="c">29 cm</subfield></datafield><datafield ind1=" " ind2=" " tag="336"><subfield code="b">txt</subfield><subfield code="2">rdacontent</subfield></datafield><datafield ind1=" " ind2=" " tag="337"><subfield code="b">n</subfield><subfield code="2">rdamedia</subfield></datafield><datafield ind1=" " ind2=" " tag="338"><subfield code="b">nc</subfield><subfield code="2">rdacarrier</subfield></datafield><datafield ind1=" " ind2=" " tag="500"><subfield code="a">&quot;A selected reprint volume&quot;</subfield></datafield><datafield ind1=" " ind2=" " tag="500"><subfield code="a">&quot;IEEE Control Systems Society, Sponsor&quot;</subfield></datafield><datafield ind1=" " ind2=" " tag="504"><subfield code="a">Bibliogr. Index</subfield></datafield><datafield ind1=" " ind2="7" tag="650"><subfield code="a">système de contrôle</subfield><subfield code="0">(RERO)A010155640</subfield><subfield code="2">rerovoc</subfield></datafield><datafield ind1=" " ind2="7" tag="650"><subfield code="a">Robots</subfield><subfield code="0">(IDREF)031463207</subfield><subfield code="2">idref</subfield></datafield><datafield ind1=" " ind2="7" tag="650"><subfield code="a">BEWEGUNGSVERLAUF + BEWEGUNGSABLAUF + BAHNPLANUNG (ROBOTIK)</subfield><subfield code="9">ger</subfield><subfield code="0">(ETHUDK)000051153</subfield><subfield code="2">ethudk</subfield></datafield><datafield ind1=" " ind2="7" tag="650"><subfield code="a">GANGREGLER (REGELUNG UND STEUERUNG)</subfield><subfield code="9">ger</subfield><subfield code="0">(ETHUDK)000027625</subfield><subfield code="2">ethudk</subfield></datafield><datafield ind1=" " ind2="7" tag="650"><subfield code="a">MANIPULATOREN + TELEOPERATOREN + GREIFARME + GELENKARME (ROBOTIK)</subfield><subfield code="9">ger</subfield><subfield code="0">(ETHUDK)000009089</subfield><subfield code="2">ethudk</subfield></datafield><datafield ind1=" " ind2="7" tag="650"><subfield code="a">ROBOTER</subfield><subfield code="9">ger</subfield><subfield code="0">(ETHUDK)000009087</subfield><subfield code="2">ethudk</subfield></datafield><datafield ind1=" " ind2="7" tag="650"><subfield code="a">ROBOTERARME</subfield><subfield code="9">ger</subfield><subfield code="0">(ETHUDK)000048383</subfield><subfield code="2">ethudk</subfield></datafield><datafield ind1=" " ind2="7" tag="650"><subfield code="a">ROBOTERHÄNDE</subfield><subfield code="9">ger</subfield><subfield code="0">(ETHUDK)000049371</subfield><subfield code="2">ethudk</subfield></datafield><datafield ind1=" " ind2="7" tag="650"><subfield code="a">ROBOTERSTEUERUNG + ROBOTERREGELUNG</subfield><subfield code="9">ger</subfield><subfield code="0">(ETHUDK)000052986</subfield><subfield code="2">ethudk</subfield></datafield><datafield ind1=" " ind2="7" tag="650"><subfield code="a">ROBUSTE REGELUNG (THEORIE DER REGELUNGSSYSTEME)</subfield><subfield code="9">ger</subfield><subfield code="0">(ETHUDK)000013776</subfield><subfield code="2">ethudk</subfield></datafield><datafield ind1="1" ind2=" " tag="700"><subfield code="a">Spong, Mark W.</subfield><subfield code="d">1952-....</subfield><subfield code="0">(IDREF)07515322X</subfield></datafield><datafield ind1=" " ind2=" " tag="900"><subfield code="a">REROnoselfmerge</subfield></datafield></record>
</metadata></record>