<record><header><identifier>oai:alma.41SLSP_UGE:991000794559705502</identifier><datestamp>2023-04-02T02:21:24Z</datestamp><setSpec>uge_cmu_RapidILL_JOURNAL</setSpec><setSpec>uge_aobs_RapidILL_JOURNAL</setSpec><setSpec>uge_aaca_RapidILL_JOURNAL</setSpec><setSpec>uge_bcen_RapidILL_JOURNAL</setSpec><setSpec>uge_abbat_RapidILL_JOURNAL</setSpec><setSpec>uge_dbu_RapidILL_JOURNAL</setSpec><setSpec>uge_mail_RapidILL_JOURNAL</setSpec><setSpec>uge_abels_RapidILL_JOURNAL</setSpec><setSpec>UNIGE_ALL</setSpec><setSpec>uge_acar_RapidILL_JOURNAL</setSpec></header><metadata>
<record xmlns="http://www.loc.gov/MARC21/slim" xmlns:xsi="http://www.w3.org/2001/XMLSchema-instance" xsi:schemaLocation="http://www.loc.gov/MARC21/slim http://www.loc.gov/standards/marcxml/schema/MARC21slim.xsd"><leader>00918nas a2200277 c 4500</leader><controlfield tag="001">991000794559705502</controlfield><controlfield tag="005">20230401185200.0</controlfield><controlfield tag="008">880603u1948uuuugw || p|  ||| 0    0ger d</controlfield><datafield ind1=" " ind2=" " tag="035"><subfield code="a">(swissbib)082811903-41slsp_network</subfield></datafield><datafield ind1=" " ind2=" " tag="035"><subfield code="a">082811903</subfield><subfield code="9">ExL</subfield></datafield><datafield ind1=" " ind2=" " tag="035"><subfield code="a">(RERO)0984420-41slsp</subfield></datafield><datafield ind1=" " ind2=" " tag="035"><subfield code="a">(EXLNZ-41SLSP_NETWORK)991138167349705501</subfield></datafield><datafield ind1=" " ind2=" " tag="040"><subfield code="a">RERO geudbu</subfield><subfield code="d">CH-ZuSLS</subfield></datafield><datafield ind1=" " ind2="7" tag="072"><subfield code="a">in</subfield><subfield code="2">rero</subfield></datafield><datafield ind1="0" ind2="0" tag="245"><subfield code="a">Neue Verpackung</subfield><subfield code="b">NV : Zeitschrift für die gesamte Verpackungswirtschaft des In- und Auslandes : Organ des Fachnormenauschusses Verpackung</subfield></datafield><datafield ind1="1" ind2=" " tag="246"><subfield code="a">NV</subfield></datafield><datafield ind1=" " ind2="1" tag="264"><subfield code="a">Heidelberg</subfield><subfield code="b">A. Hüthig</subfield></datafield><datafield ind1=" " ind2=" " tag="300"><subfield code="c">30 cm</subfield></datafield><datafield ind1=" " ind2=" " tag="310"><subfield code="a">Mensuel</subfield></datafield><datafield ind1=" " ind2=" " tag="336"><subfield code="b">txt</subfield><subfield code="2">rdacontent</subfield></datafield><datafield ind1=" " ind2=" " tag="337"><subfield code="b">n</subfield><subfield code="2">rdamedia</subfield></datafield><datafield ind1=" " ind2=" " tag="338"><subfield code="b">nc</subfield><subfield code="2">rdacarrier</subfield></datafield><datafield ind1="0" ind2=" " tag="362"><subfield code="a">1(1948)-[?]</subfield></datafield><datafield ind1=" " ind2="7" tag="650"><subfield code="a">Emballage</subfield><subfield code="0">(IDREF)027796094</subfield><subfield code="2">idref</subfield></datafield><datafield ind1=" " ind2="7" tag="655"><subfield code="a">Périodiques</subfield><subfield code="0">(IDREF)02724640X</subfield><subfield code="2">idref</subfield></datafield><datafield ind1="2" ind2=" " tag="710"><subfield code="a">Fachnormenauschuss Verpackung (BRD)</subfield><subfield code="0">(RERO)A003228567</subfield></datafield><datafield ind1=" " ind2=" " tag="900"><subfield code="a">REROnoselfmerge</subfield></datafield></record>
</metadata></record>