<record><header><identifier>oai:alma.41SLSP_UGE:991000794349705502</identifier><datestamp>2023-06-23T00:14:44Z</datestamp><setSpec>uge_bcen_RapidILL_BOOK</setSpec><setSpec>uge_aaca_RapidILL_BOOK</setSpec><setSpec>uge_abels_RapidILL_BOOK</setSpec><setSpec>uge_dbu_RapidILL_BOOK</setSpec><setSpec>uge_cmu_RapidILL_BOOK</setSpec><setSpec>uge_mail_RapidILL_BOOK</setSpec><setSpec>uge_abbat_RapidILL_BOOK</setSpec><setSpec>UNIGE_ALL</setSpec><setSpec>uge_acar_RapidILL_BOOK</setSpec><setSpec>uge_aobs_RapidILL_BOOK</setSpec></header><metadata>
<record xmlns="http://www.loc.gov/MARC21/slim" xmlns:xsi="http://www.w3.org/2001/XMLSchema-instance" xsi:schemaLocation="http://www.loc.gov/MARC21/slim http://www.loc.gov/standards/marcxml/schema/MARC21slim.xsd"><leader>00923nam a2200265 c 4500</leader><controlfield tag="001">991000794349705502</controlfield><controlfield tag="005">20210207115024.0</controlfield><controlfield tag="008">200529s1920    gw ||||| |||| 00| ||ger d</controlfield><datafield ind1=" " ind2=" " tag="035"><subfield code="a">(swissbib)126519048-41slsp_network</subfield></datafield><datafield ind1=" " ind2=" " tag="035"><subfield code="a">126519048</subfield><subfield code="9">ExL</subfield></datafield><datafield ind1=" " ind2=" " tag="035"><subfield code="a">(RERO)R009046763-41slsp</subfield></datafield><datafield ind1=" " ind2=" " tag="035"><subfield code="a">(EXLNZ-41SLSP_NETWORK)991156431199705501</subfield></datafield><datafield ind1=" " ind2=" " tag="040"><subfield code="a">RERO gefoha</subfield><subfield code="d">CH-ZuSLS</subfield></datafield><datafield ind1="1" ind2=" " tag="041"><subfield code="a">ger</subfield><subfield code="h">rus</subfield></datafield><datafield ind1=" " ind2="7" tag="072"><subfield code="a">ru</subfield><subfield code="2">rero</subfield></datafield><datafield ind1="1" ind2=" " tag="100"><subfield code="a">Čehov, Anton Pavlovič</subfield><subfield code="d">1860-1904</subfield><subfield code="0">(IDREF)027156397</subfield><subfield code="4">aut</subfield></datafield><datafield ind1="1" ind2="0" tag="245"><subfield code="a">Von Frauen und Kindern</subfield><subfield code="c">Anton Tschechow ; [hrsg. von Alexander Eliasberg]</subfield></datafield><datafield ind1=" " ind2="1" tag="264"><subfield code="a">München</subfield><subfield code="b">Musarion Verl.</subfield><subfield code="c">1920</subfield></datafield><datafield ind1=" " ind2=" " tag="300"><subfield code="a">212 S.</subfield></datafield><datafield ind1=" " ind2=" " tag="336"><subfield code="b">txt</subfield><subfield code="2">rdacontent</subfield></datafield><datafield ind1=" " ind2=" " tag="337"><subfield code="b">n</subfield><subfield code="2">rdamedia</subfield></datafield><datafield ind1=" " ind2=" " tag="338"><subfield code="b">nc</subfield><subfield code="2">rdacarrier</subfield></datafield><datafield ind1="1" ind2=" " tag="490"><subfield code="a">Gesammelte Romane und Novellen / Anton Tschechow</subfield><subfield code="v">Bd. 4</subfield></datafield><datafield ind1="1" ind2=" " tag="700"><subfield code="a">Èliasberg, Aleksandr </subfield><subfield code="d">1878-1924</subfield><subfield code="0">(IDREF)103144153</subfield><subfield code="4">edt</subfield></datafield><datafield ind1="1" ind2=" " tag="800"><subfield code="a">Chekhov, Anton Pavlovich</subfield><subfield code="t">Gesammelte Romane und Novellen</subfield><subfield code="v">4</subfield></datafield><datafield ind1=" " ind2=" " tag="900"><subfield code="a">REROnoselfmerge</subfield></datafield></record>
</metadata></record>