<record><header><identifier>oai:alma.41SLSP_UGE:991000794899705502</identifier><datestamp>2023-03-01T01:10:04Z</datestamp><setSpec>uge_bcen_RapidILL_BOOK</setSpec><setSpec>uge_aaca_RapidILL_BOOK</setSpec><setSpec>uge_abels_RapidILL_BOOK</setSpec><setSpec>uge_dbu_RapidILL_BOOK</setSpec><setSpec>uge_cmu_RapidILL_BOOK</setSpec><setSpec>uge_mail_RapidILL_BOOK</setSpec><setSpec>UNIGE_ALL</setSpec><setSpec>uge_abbat_RapidILL_BOOK</setSpec><setSpec>uge_aobs_RapidILL_BOOK</setSpec><setSpec>uge_acar_RapidILL_BOOK</setSpec></header><metadata>
<record xmlns="http://www.loc.gov/MARC21/slim" xmlns:xsi="http://www.w3.org/2001/XMLSchema-instance" xsi:schemaLocation="http://www.loc.gov/MARC21/slim http://www.loc.gov/standards/marcxml/schema/MARC21slim.xsd"><leader>02688nam a2200553 c 4500</leader><controlfield tag="001">991000794899705502</controlfield><controlfield tag="005">20230119203357.0</controlfield><controlfield tag="008">201012s1968    gw ||||| |||| 00| ||ger d</controlfield><datafield ind1=" " ind2=" " tag="019"><subfield code="a">Notice analytique pour les &quot;Habilitationsthesen&quot;.</subfield><subfield code="5">RERO/18.01.1991/frbcuc/mtl</subfield></datafield><datafield ind1=" " ind2=" " tag="035"><subfield code="a">(swissbib)232618801-41slsp_network</subfield></datafield><datafield ind1=" " ind2=" " tag="035"><subfield code="a">232618801</subfield><subfield code="9">ExL</subfield></datafield><datafield ind1=" " ind2=" " tag="035"><subfield code="a">(RERO)0407713-41slsp</subfield></datafield><datafield ind1=" " ind2=" " tag="035"><subfield code="a">(IDSLU)000223172ILU01</subfield></datafield><datafield ind1=" " ind2=" " tag="035"><subfield code="a">(NEBIS)003295347EBI01</subfield></datafield><datafield ind1=" " ind2=" " tag="035"><subfield code="a">(IDSBB)004766942DSV01</subfield></datafield><datafield ind1=" " ind2=" " tag="035"><subfield code="a">(EXLNZ-41SLSP_NETWORK)991061599329705501</subfield></datafield><datafield ind1=" " ind2=" " tag="040"><subfield code="a">RERO</subfield><subfield code="d">CH-ZuSLS</subfield></datafield><datafield ind1="0" ind2=" " tag="041"><subfield code="a">ger</subfield><subfield code="a">lat</subfield></datafield><datafield ind1=" " ind2="7" tag="072"><subfield code="a">ph</subfield><subfield code="2">rero</subfield></datafield><datafield ind1="1" ind2=" " tag="080"><subfield code="a">1&quot;1868&quot;Bre3</subfield></datafield><datafield ind1="1" ind2=" " tag="100"><subfield code="a">Brentano, Franz</subfield><subfield code="d">1838-1917</subfield><subfield code="0">(DE-588)118515063</subfield><subfield code="6">880-01</subfield></datafield><datafield ind1="1" ind2=" " tag="880"><subfield code="6">100-01</subfield><subfield code="a">Brentano, Franz</subfield><subfield code="d">1838-1917</subfield><subfield code="0">(IDREF)028836650</subfield><subfield code="4">cre</subfield></datafield><datafield ind1="1" ind2="0" tag="245"><subfield code="a">Über die Zukunft der Philosophie</subfield><subfield code="b">nebst den Vorträgen &quot;Über die Gründe der Entmutigung auf philosophischem Gebiet&quot; ; &quot;Über Schellings System&quot; ; sowie den &quot;25 Habilitationsthesen&quot;</subfield><subfield code="c">Franz Brentano ; mit Anmerkungen hrsg. von Oskar Kraus</subfield></datafield><datafield ind1=" " ind2=" " tag="250"><subfield code="a">[2., auf Druckfehler durchges., sachlich unveränd. Aufl.]</subfield><subfield code="b">neu eingel. von Paul Weingartner</subfield></datafield><datafield ind1=" " ind2="1" tag="264"><subfield code="a">Hamburg</subfield><subfield code="b">F. Meiner</subfield><subfield code="c">1968</subfield></datafield><datafield ind1=" " ind2=" " tag="300"><subfield code="a">XIV, 189 p.</subfield><subfield code="c">19 cm</subfield></datafield><datafield ind1=" " ind2=" " tag="336"><subfield code="b">txt</subfield><subfield code="2">rdacontent</subfield></datafield><datafield ind1=" " ind2=" " tag="337"><subfield code="b">n</subfield><subfield code="2">rdamedia</subfield></datafield><datafield ind1=" " ind2=" " tag="338"><subfield code="b">nc</subfield><subfield code="2">rdacarrier</subfield></datafield><datafield ind1="1" ind2=" " tag="490"><subfield code="a">Philosophische Bibliothek</subfield><subfield code="v">Bd. 209</subfield></datafield><datafield ind1="0" ind2="0" tag="505"><subfield code="t">&lt;&lt;Nebst den Vorträgen:&gt;&gt; Über die Gründe der Entmutigung auf philosophischem Gebiet</subfield><subfield code="t">Über Schellings System sowie den 25 Habilitationsthesen</subfield></datafield><datafield ind1="1" ind2="7" tag="600"><subfield code="a">Schelling, Friedrich Wilhelm Joseph von</subfield><subfield code="d">1775-1854</subfield><subfield code="0">(IDREF)027342573</subfield><subfield code="2">idref</subfield></datafield><datafield ind1=" " ind2="7" tag="650"><subfield code="a">Philosophie</subfield><subfield code="0">(IDREF)027295206</subfield><subfield code="2">idref</subfield></datafield><datafield ind1=" " ind2="7" tag="650"><subfield code="a">philosophie - renouvellement</subfield><subfield code="0">(RERO)A010131491</subfield><subfield code="2">rerovoc</subfield></datafield><datafield ind1=" " ind2="4" tag="650"><subfield code="a">Philosophie</subfield></datafield><datafield ind1=" " ind2="4" tag="650"><subfield code="a">Zukunft</subfield></datafield><datafield ind1=" " ind2="4" tag="655"><subfield code="a">Aufsatzsammlung</subfield></datafield><datafield ind1=" " ind2=" " tag="690"><subfield code="a">Philosophie. A. Aufsätze</subfield><subfield code="2">rzs-L1</subfield></datafield><datafield ind1=" " ind2=" " tag="690"><subfield code="a">Philosophiegeschichte / Einzelne Fragen</subfield><subfield code="2">uzb-Z9</subfield></datafield><datafield ind1="1" ind2="2" tag="700"><subfield code="a">Brentano, Franz</subfield><subfield code="t">Über die Zukunft der Philosophie</subfield></datafield><datafield ind1="1" ind2=" " tag="700"><subfield code="a">Weingartner, Paul</subfield><subfield code="d">1931-</subfield><subfield code="0">(DE-588)118766260</subfield><subfield code="6">880-03</subfield></datafield><datafield ind1="1" ind2=" " tag="880"><subfield code="a">Weingartner, Paul</subfield><subfield code="0">(RERO)A003964714</subfield><subfield code="6">700-03</subfield></datafield><datafield ind1="1" ind2="2" tag="700"><subfield code="a">Brentano, Franz</subfield><subfield code="t">Über die Gründe der Entmutigung auf philosophischem Gebiet</subfield></datafield><datafield ind1="1" ind2="2" tag="700"><subfield code="a">Brentano, Franz</subfield><subfield code="t">Über Schellings System</subfield></datafield><datafield ind1="1" ind2=" " tag="700"><subfield code="a">Kraus, Oskar</subfield><subfield code="d">1872-1942</subfield><subfield code="0">(IDREF)030139953</subfield></datafield><datafield ind1="0" ind2="2" tag="740"><subfield code="a">nebst den Vorträgen &quot;Über die Gründe der Entmutigung auf philosophischem Gebiet&quot;</subfield></datafield><datafield ind1="0" ind2="2" tag="740"><subfield code="a">&quot;Über Schellings System&quot; ; sowie den &quot;25 Habilitationsthesen&quot;</subfield></datafield><datafield ind1=" " ind2=" " tag="830"><subfield code="a">Philosophische Bibliothek</subfield><subfield code="v">209</subfield><subfield code="w">(IDSLU)000177362ILU01</subfield></datafield><datafield ind1=" " ind2=" " tag="900"><subfield code="a">REROnoselfmerge</subfield></datafield><datafield ind1=" " ind2=" " tag="900"><subfield code="a">IDSZRMedeaZBZ</subfield><subfield code="c">IDSZRwerm</subfield></datafield></record>
</metadata></record>