<record><header><identifier>oai:alma.41SLSP_UGE:991000769849705502</identifier><datestamp>2024-09-01T00:32:07Z</datestamp><setSpec>uge_bcen_RapidILL_BOOK</setSpec><setSpec>uge_aaca_RapidILL_BOOK</setSpec><setSpec>uge_abels_RapidILL_BOOK</setSpec><setSpec>uge_dbu_RapidILL_BOOK</setSpec><setSpec>uge_cmu_RapidILL_BOOK</setSpec><setSpec>uge_mail_RapidILL_BOOK</setSpec><setSpec>UNIGE_ALL</setSpec><setSpec>uge_abbat_RapidILL_BOOK</setSpec><setSpec>uge_acar_RapidILL_BOOK</setSpec><setSpec>uge_aobs_RapidILL_BOOK</setSpec></header><metadata>
<record xmlns="http://www.loc.gov/MARC21/slim" xmlns:xsi="http://www.w3.org/2001/XMLSchema-instance" xsi:schemaLocation="http://www.loc.gov/MARC21/slim http://www.loc.gov/standards/marcxml/schema/MARC21slim.xsd"><leader>06953nam a2201237 c 4500</leader><controlfield tag="001">991000769849705502</controlfield><controlfield tag="005">20240830052536.0</controlfield><controlfield tag="008">201012s1997    sz ||||| |||| 10| ||fre d</controlfield><datafield ind1=" " ind2=" " tag="019"><subfield code="a">Notices analytiques</subfield><subfield code="5">RERO/geubfd/07.1997</subfield></datafield><datafield ind1=" " ind2=" " tag="020"><subfield code="a">3725536333</subfield></datafield><datafield ind1=" " ind2=" " tag="035"><subfield code="a">(swissbib)236905384-41slsp_network</subfield></datafield><datafield ind1=" " ind2=" " tag="035"><subfield code="a">236905384</subfield><subfield code="9">ExL</subfield></datafield><datafield ind1=" " ind2=" " tag="035"><subfield code="a">(RERO)R217133260-41slsp</subfield></datafield><datafield ind1=" " ind2=" " tag="035"><subfield code="a">(NEBIS)001799511EBI01</subfield></datafield><datafield ind1=" " ind2=" " tag="035"><subfield code="a">(IDSBB)001406502DSV01</subfield></datafield><datafield ind1=" " ind2=" " tag="035"><subfield code="a">(IDSLU)000099807ILU01</subfield></datafield><datafield ind1=" " ind2=" " tag="035"><subfield code="a">(IDSSG)000153022HSB01</subfield></datafield><datafield ind1=" " ind2=" " tag="035"><subfield code="a">(ALEX)bv80004193</subfield></datafield><datafield ind1=" " ind2=" " tag="035"><subfield code="a">(EXLNZ-41SLSP_NETWORK)991038862049705501</subfield></datafield><datafield ind1=" " ind2=" " tag="040"><subfield code="a">RERO frbcuc</subfield><subfield code="d">CH-ZuSLS</subfield></datafield><datafield ind1="0" ind2=" " tag="041"><subfield code="a">eng</subfield><subfield code="a">fre</subfield><subfield code="a">ger</subfield></datafield><datafield ind1=" " ind2=" " tag="044"><subfield code="a">sz</subfield><subfield code="c">ch-zh</subfield></datafield><datafield ind1="0" ind2="0" tag="060"><subfield code="a">QH 332</subfield><subfield code="b">B6152 1997</subfield></datafield><datafield ind1=" " ind2="7" tag="072"><subfield code="a">dr</subfield><subfield code="2">rero</subfield></datafield><datafield ind1=" " ind2="7" tag="072"><subfield code="a">ra</subfield><subfield code="2">SzZuIDS BS/BE</subfield></datafield><datafield ind1=" " ind2="7" tag="072"><subfield code="a">800</subfield><subfield code="2">IDS LU</subfield></datafield><datafield ind1=" " ind2="7" tag="072"><subfield code="a">100</subfield><subfield code="2">IDS LU</subfield></datafield><datafield ind1="1" ind2="4" tag="082"><subfield code="a">340</subfield><subfield code="2">15</subfield></datafield><datafield ind1=" " ind2=" " tag="084"><subfield code="a">A 58.4 e</subfield><subfield code="2">cjurrom</subfield></datafield><datafield ind1=" " ind2=" " tag="084"><subfield code="a">A 18.6 e</subfield><subfield code="2">cjurrom</subfield></datafield><datafield ind1=" " ind2=" " tag="084"><subfield code="a">A 12 e</subfield><subfield code="2">cjurrom</subfield></datafield><datafield ind1=" " ind2=" " tag="084"><subfield code="a">A 13 g</subfield><subfield code="2">cjurrom</subfield></datafield><datafield ind1=" " ind2=" " tag="084"><subfield code="a">A 58 e</subfield><subfield code="2">cjurrom</subfield></datafield><datafield ind1=" " ind2=" " tag="084"><subfield code="a">A 19 g</subfield><subfield code="2">cjurrom</subfield></datafield><datafield ind1=" " ind2=" " tag="084"><subfield code="a">PI 4530</subfield><subfield code="2">rvk</subfield></datafield><datafield ind1=" " ind2=" " tag="084"><subfield code="a">CC 7264</subfield><subfield code="2">rvk</subfield></datafield><datafield ind1=" " ind2=" " tag="084"><subfield code="a">PJ 2260</subfield><subfield code="2">rvk</subfield></datafield><datafield ind1=" " ind2=" " tag="084"><subfield code="a">PJ 3160</subfield><subfield code="2">rvk</subfield></datafield><datafield ind1="0" ind2="0" tag="245"><subfield code="a">Bioéthique</subfield><subfield code="b">de l'éthique au droit, du droit à l'éthique : colloque international, Lausanne, 17-18 octobre 1996 = Bioethik : von der Ethik zum Recht, vom Recht zur Ethik : Internationales Kolloquium, Lausanne 17.-18. Oktober 1996 = Bioethics : from ethics to law, from law to ethics : international colloquium, Lausanne, October 17-18, 1996</subfield><subfield code="c">[en collab. avec: Institut de droit de la santé de l'Université de Neuchâtel... et al.]</subfield></datafield><datafield ind1="1" ind2=" " tag="246"><subfield code="a">Bioethik</subfield></datafield><datafield ind1="1" ind2=" " tag="246"><subfield code="a">Bioethics</subfield></datafield><datafield ind1="1" ind2="1" tag="246"><subfield code="a">Bioethik: von der Ethik zum Recht, vom Recht zur Ethik ...</subfield></datafield><datafield ind1="1" ind2="1" tag="246"><subfield code="a">Bioethics: from ethics to law, from law to ethics ...</subfield></datafield><datafield ind1="1" ind2=" " tag="246"><subfield code="a">Bioethik: von der Ethik zum Recht, vom Recht zur Ethik</subfield></datafield><datafield ind1="1" ind2=" " tag="246"><subfield code="a">Bioethics: from ethics to law, from law to ethics</subfield></datafield><datafield ind1=" " ind2="1" tag="264"><subfield code="a">Zürich</subfield><subfield code="b">Schulthess Polygraphischer Verl.</subfield><subfield code="c">1997</subfield></datafield><datafield ind1=" " ind2=" " tag="300"><subfield code="a">290 S.</subfield><subfield code="c">23 cm</subfield><subfield code="b">Tab.</subfield></datafield><datafield ind1=" " ind2=" " tag="336"><subfield code="b">txt</subfield><subfield code="2">rdacontent</subfield></datafield><datafield ind1=" " ind2=" " tag="337"><subfield code="b">n</subfield><subfield code="2">rdamedia</subfield></datafield><datafield ind1=" " ind2=" " tag="338"><subfield code="b">nc</subfield><subfield code="2">rdacarrier</subfield></datafield><datafield ind1="1" ind2=" " tag="490"><subfield code="a">Publications de l'Institut suisse de droit comparé</subfield><subfield code="v">30</subfield></datafield><datafield ind1=" " ind2=" " tag="500"><subfield code="a">Colloque à l'Institut suisse de droit comparé, Lausanne</subfield></datafield><datafield ind1=" " ind2=" " tag="500"><subfield code="a">Beitr. Frz., Dt. oder Engl.</subfield></datafield><datafield ind1="0" ind2=" " tag="505"><subfield code="a">[Exposés] p. 9-43: Biomédecine, bioéthique, biodroit? L'état du droit français / C. Labrusse-Riou. - p. 45-59: Das Recht der Bundesrepublik Deutschland für medizinisch unterstützte Fortpflanzung, Organtransplantation, Gentests und Forschung am Menschen / J. Simon. - p. 61-77: Great Britain position / S. Elliston. - p. 79-107: Main aspects of the regulation concerning some important bioethical issues in the Spanish law / J.Vidal Martínez - p. 109-126: Laws on extraordinary medical activity in post-socialist Central Europe / J. Drgonec. - p. 127-141: Biolaw in Scandinavia: assisted procreation, DNA testing, organ transplantation and research on human beings in Denmark, Norway and Sweden / L. Nielsen. - p. 143-167: Landesbericht Schweiz / R. Reusser. - p. 169-172: Der Beitrag des Schweizerischen Bundesgerichts zur Regelung der medizinisch unterstützten Fortpflanzung / G. Steinmann. - 173-187: Bioéthique et Europe: une question de droit, de culture ou de politique? / C. Byk. - p. 189-204: Contributions of international organizations / S.S. Fluss. - p. 205-215: Rapport de synthèse / J.-L. Baudoin. - p. 217-230: Rapport entre éthique et droit / C. Atias. - p. 231-243: Origine et nature de la bioéthique / M.A.M. de Wachter. - p. 245-256: Ethique et droit: quel rapport dans la gestion des nouvelles pratiques biomédicales / A. Bondolfi. - p. 257-264: Le rôle des comités nationaux d'éthique / O. Guillod. - p. 275-284: On the necessity and the conditions of conscientious objection : freedom of consience: objection based on ethical reflection / B. Sitter-Liver</subfield></datafield><datafield ind1=" " ind2="7" tag="650"><subfield code="a">Forschungsfreiheit</subfield><subfield code="9">ger</subfield><subfield code="0">(RERO)jurivoc000008605ger</subfield><subfield code="2">jurivoc</subfield></datafield><datafield ind1=" " ind2="7" tag="650"><subfield code="a">Gesundheitswesen</subfield><subfield code="9">ger</subfield><subfield code="0">(RERO)jurivoc000009993ger</subfield><subfield code="2">jurivoc</subfield></datafield><datafield ind1=" " ind2="7" tag="650"><subfield code="a">Medizin</subfield><subfield code="9">ger</subfield><subfield code="0">(RERO)jurivoc000014799ger</subfield><subfield code="2">jurivoc</subfield></datafield><datafield ind1=" " ind2="7" tag="650"><subfield code="a">Rechtsphilosophie</subfield><subfield code="9">ger</subfield><subfield code="0">(RERO)jurivoc000018436ger</subfield><subfield code="2">jurivoc</subfield></datafield><datafield ind1=" " ind2="7" tag="650"><subfield code="a">Recht und Moral</subfield><subfield code="9">ger</subfield><subfield code="0">(RERO)jurivoc000018288ger</subfield><subfield code="2">jurivoc</subfield></datafield><datafield ind1=" " ind2="2" tag="650"><subfield code="a">Bioethics</subfield></datafield><datafield ind1=" " ind2="2" tag="650"><subfield code="a">Ethics, Medical</subfield></datafield><datafield ind1=" " ind2="2" tag="650"><subfield code="a">Ethics Committees</subfield></datafield><datafield ind1=" " ind2="2" tag="650"><subfield code="a">Legislation, Medical</subfield></datafield><datafield ind1=" " ind2="2" tag="650"><subfield code="a">Organ Transplantation</subfield></datafield><datafield ind1=" " ind2="2" tag="650"><subfield code="a">Reproductive Techniques</subfield></datafield><datafield ind1=" " ind2="2" tag="650"><subfield code="a">Organ Transplantation</subfield><subfield code="x">legislation &amp; jurisprudence</subfield></datafield><datafield ind1=" " ind2="2" tag="650"><subfield code="a">Reproductive Techniques</subfield><subfield code="x">legislation &amp; jurisprudence</subfield></datafield><datafield ind1=" " ind2="7" tag="650"><subfield code="a">Mensch</subfield><subfield code="9">ger</subfield><subfield code="0">(RERO)jurivoc000014917ger</subfield><subfield code="2">jurivoc</subfield></datafield><datafield ind1=" " ind2="7" tag="650"><subfield code="a">Wissenschaft und Forschung</subfield><subfield code="9">ger</subfield><subfield code="0">(RERO)jurivoc000026743ger</subfield><subfield code="2">jurivoc</subfield></datafield><datafield ind1=" " ind2="7" tag="650"><subfield code="a">Bioéthique</subfield><subfield code="0">(IDREF)027576124</subfield><subfield code="2">idref</subfield></datafield><datafield ind1=" " ind2="7" tag="650"><subfield code="a">Droit comparé</subfield><subfield code="0">(IDREF)027741451</subfield><subfield code="2">idref</subfield></datafield><datafield ind1=" " ind2="7" tag="650"><subfield code="a">Bioethik</subfield><subfield code="2">idszbz</subfield></datafield><datafield ind1=" " ind2="7" tag="650"><subfield code="a">Rechtsethik</subfield><subfield code="2">idszbz</subfield></datafield><datafield ind1=" " ind2="7" tag="650"><subfield code="a">Biotechnologie</subfield><subfield code="0">(DE-588)4069491-4</subfield><subfield code="2">gnd</subfield></datafield><datafield ind1=" " ind2="7" tag="650"><subfield code="a">Kongress</subfield><subfield code="0">(DE-588)4130470-6</subfield><subfield code="2">gnd</subfield></datafield><datafield ind1=" " ind2="0" tag="650"><subfield code="a">Bioethics</subfield><subfield code="v">Congresses</subfield></datafield><datafield ind1=" " ind2="0" tag="650"><subfield code="a">Medical laws and legislation</subfield><subfield code="v">Congresses</subfield></datafield><datafield ind1=" " ind2="7" tag="650"><subfield code="a">HEILMITTELRECHT + PHARMARECHT + MEDIZINRECHT (SPEZIELLE RECHTSZWEIGE)</subfield><subfield code="9">ger</subfield><subfield code="0">(ETHUDK)000011578</subfield><subfield code="2">ethudk</subfield></datafield><datafield ind1=" " ind2="7" tag="650"><subfield code="a">MEDIZINISCHE ETHIK</subfield><subfield code="9">ger</subfield><subfield code="0">(ETHUDK)000045848</subfield><subfield code="2">ethudk</subfield></datafield><datafield ind1=" " ind2="7" tag="650"><subfield code="a">Bioethik</subfield><subfield code="x">Recht</subfield><subfield code="v">Kongressbericht</subfield><subfield code="2">idsbb</subfield></datafield><datafield ind1=" " ind2="7" tag="650"><subfield code="a">Rechtsethik</subfield><subfield code="v">Kongressbericht</subfield><subfield code="2">idsbb</subfield></datafield><datafield ind1=" " ind2="7" tag="650"><subfield code="a">Bioethik</subfield><subfield code="0">(DE-588)4006791-9</subfield><subfield code="2">gnd</subfield></datafield><datafield ind1=" " ind2="7" tag="650"><subfield code="a">Recht</subfield><subfield code="0">(DE-588)4048737-4</subfield><subfield code="2">gnd</subfield></datafield><datafield ind1=" " ind2="7" tag="650"><subfield code="a">Rechtsethik</subfield><subfield code="0">(DE-588)4177216-7</subfield><subfield code="2">gnd</subfield></datafield><datafield ind1=" " ind2="7" tag="651"><subfield code="a">Schweiz</subfield><subfield code="9">ger</subfield><subfield code="0">(RERO)jurivoc000019912ger</subfield><subfield code="2">jurivoc</subfield></datafield><datafield ind1=" " ind2="2" tag="651"><subfield code="a">Europe</subfield></datafield><datafield ind1=" " ind2="2" tag="651"><subfield code="a">Switzerland</subfield></datafield><datafield ind1=" " ind2="2" tag="655"><subfield code="a">Congress</subfield></datafield><datafield ind1=" " ind2="2" tag="655"><subfield code="a">Legislation</subfield></datafield><datafield ind1=" " ind2="7" tag="655"><subfield code="a">Actes de congrès</subfield><subfield code="0">(IDREF)02886431X</subfield><subfield code="2">idref</subfield></datafield><datafield ind1=" " ind2="7" tag="655"><subfield code="a">Aufsatzsammlung</subfield><subfield code="2">idszbz</subfield></datafield><datafield ind1=" " ind2="7" tag="655"><subfield code="a">Konferenzschrift</subfield><subfield code="z">Lausanne</subfield><subfield code="y">1996/10</subfield><subfield code="2">gnd-content</subfield></datafield><datafield ind1=" " ind2="7" tag="655"><subfield code="a">Konferenzschrift</subfield><subfield code="z">Lausanne</subfield><subfield code="y">1996</subfield><subfield code="2">gnd-content</subfield></datafield><datafield ind1=" " ind2=" " tag="690"><subfield code="a">Bioethik</subfield><subfield code="2">uzb-UH</subfield></datafield><datafield ind1=" " ind2=" " tag="690"><subfield code="a">Rechtsphilosophie</subfield><subfield code="2">uzb-UH</subfield></datafield><datafield ind1=" " ind2=" " tag="690"><subfield code="a">Bioethik. A</subfield><subfield code="2">rzs-L1</subfield></datafield><datafield ind1=" " ind2=" " tag="690"><subfield code="a">Rechtsethik. A</subfield><subfield code="2">rzs-L1</subfield></datafield><datafield ind1=" " ind2=" " tag="691"><subfield code="e">PC 58.4</subfield><subfield code="2">rzs-L1</subfield></datafield><datafield ind1=" " ind2=" " tag="691"><subfield code="e">PC 18.6</subfield><subfield code="2">rzs-L1</subfield></datafield><datafield ind1="1" ind2=" " tag="700"><subfield code="a">Widmer, Pierre</subfield><subfield code="d">1938-2020</subfield><subfield code="0">(DE-588)11734270X</subfield></datafield><datafield ind1="2" ind2=" " tag="710"><subfield code="a">Institut suisse de droit comparé</subfield><subfield code="b">Colloque international</subfield><subfield code="d">1996</subfield><subfield code="c">Lausanne</subfield><subfield code="0">(RERO)A012348999</subfield></datafield><datafield ind1="2" ind2=" " tag="710"><subfield code="a">Université de Neuchâtel</subfield><subfield code="b">Institut de droit de la santé</subfield><subfield code="b">Colloque international</subfield><subfield code="d">1996</subfield><subfield code="c">Lausanne</subfield><subfield code="0">(RERO)A012363983</subfield><subfield code="6">880-03</subfield></datafield><datafield ind1="2" ind2=" " tag="880"><subfield code="a">Université de Neuchâtel</subfield><subfield code="b">Institut de droit de la santé</subfield><subfield code="0">(DE-588)2170532-X</subfield><subfield code="6">710-03</subfield></datafield><datafield ind1="2" ind2=" " tag="711"><subfield code="a">Bioéthique: de l'Ethique au Droit, du Droit à l'Ethique</subfield><subfield code="g">Veranstaltung</subfield><subfield code="d">1996</subfield><subfield code="c">Lausanne</subfield><subfield code="0">(DE-588)1091486379</subfield></datafield><datafield ind1=" " ind2="0" tag="830"><subfield code="a">Publications de l'Institut Suisse de Droit Comparé</subfield><subfield code="v">30</subfield><subfield code="w">(IDSLU)000130340ILU01</subfield></datafield><datafield ind1=" " ind2="0" tag="830"><subfield code="a">Publications de l'Institut suisse de droit comparé</subfield><subfield code="v">30</subfield><subfield code="w">(RERO)0536271-41slsp</subfield></datafield><datafield ind1=" " ind2=" " tag="900"><subfield code="a">IDSZ1ZH</subfield></datafield></record>
</metadata></record>