<record><header><identifier>oai:alma.41SLSP_UGE:991000794379705502</identifier><datestamp>2024-09-28T00:25:41Z</datestamp><setSpec>uge_cmu_RapidILL_JOURNAL</setSpec><setSpec>uge_aobs_RapidILL_JOURNAL</setSpec><setSpec>uge_aaca_RapidILL_JOURNAL</setSpec><setSpec>uge_abbat_RapidILL_JOURNAL</setSpec><setSpec>uge_bcen_RapidILL_JOURNAL</setSpec><setSpec>uge_dbu_RapidILL_JOURNAL</setSpec><setSpec>uge_mail_RapidILL_JOURNAL</setSpec><setSpec>uge_abels_RapidILL_JOURNAL</setSpec><setSpec>UNIGE_ALL</setSpec><setSpec>uge_acar_RapidILL_JOURNAL</setSpec></header><metadata>
<record xmlns="http://www.loc.gov/MARC21/slim" xmlns:xsi="http://www.w3.org/2001/XMLSchema-instance" xsi:schemaLocation="http://www.loc.gov/MARC21/slim http://www.loc.gov/standards/marcxml/schema/MARC21slim.xsd"><leader>01041nas a2200337 c 4500</leader><controlfield tag="001">991000794379705502</controlfield><controlfield tag="005">20240927205613.0</controlfield><controlfield tag="008">201012d19731974xxu | p       0    |eng|d</controlfield><datafield ind1="7" ind2=" " tag="016"><subfield code="a">189089-x</subfield><subfield code="2">ZDB</subfield></datafield><datafield ind1=" " ind2=" " tag="022"><subfield code="a">0090-5356</subfield></datafield><datafield ind1=" " ind2=" " tag="035"><subfield code="a">(swissbib)242307396-41slsp_network</subfield></datafield><datafield ind1=" " ind2=" " tag="035"><subfield code="a">242307396</subfield><subfield code="9">ExL</subfield></datafield><datafield ind1=" " ind2=" " tag="035"><subfield code="a">(NEBIS)000046062EBI01</subfield></datafield><datafield ind1=" " ind2=" " tag="035"><subfield code="a">(RERO)1720776-41slsp</subfield></datafield><datafield ind1=" " ind2=" " tag="035"><subfield code="a">(EXLNZ-41SLSP_NETWORK)991089373799705501</subfield></datafield><datafield ind1=" " ind2=" " tag="040"><subfield code="a">SzZuIDS NEBIS ETH-BIB</subfield><subfield code="d">CH-ZuSLS</subfield></datafield><datafield ind1=" " ind2="7" tag="072"><subfield code="a">in</subfield><subfield code="2">rero</subfield></datafield><datafield ind1="0" ind2=" " tag="210"><subfield code="a">EE syst. eng. today</subfield></datafield><datafield ind1="0" ind2="0" tag="245"><subfield code="a">EE systems engineering today</subfield></datafield><datafield ind1="1" ind2="3" tag="246"><subfield code="a">Systems engineering today</subfield></datafield><datafield ind1=" " ind2="1" tag="264"><subfield code="a">Radnor, PA</subfield><subfield code="b">Chilton Comp.</subfield></datafield><datafield ind1=" " ind2=" " tag="300"><subfield code="c">33 cm</subfield></datafield><datafield ind1=" " ind2=" " tag="310"><subfield code="a">Monatlich</subfield></datafield><datafield ind1=" " ind2=" " tag="336"><subfield code="b">txt</subfield><subfield code="2">rdacontent</subfield></datafield><datafield ind1=" " ind2=" " tag="337"><subfield code="b">n</subfield><subfield code="2">rdamedia</subfield></datafield><datafield ind1=" " ind2=" " tag="338"><subfield code="b">nc</subfield><subfield code="2">rdacarrier</subfield></datafield><datafield ind1="0" ind2=" " tag="362"><subfield code="a">Vol. 31 [i.e. 32], no. 2 (feb. 1973)-vol. 33, no. 5 (may 1974)</subfield></datafield><datafield ind1=" " ind2=" " tag="580"><subfield code="a">Fait suite à: Electronic engineer</subfield></datafield><datafield ind1=" " ind2="7" tag="650"><subfield code="a">ELEKTRONIK</subfield><subfield code="9">ger</subfield><subfield code="0">(ETHUDK)000028643</subfield><subfield code="2">ethudk</subfield></datafield><datafield ind1="0" ind2="0" tag="780"><subfield code="t">Electronic engineer</subfield><subfield code="w">(RERO)1041189-41slsp</subfield></datafield><datafield ind1=" " ind2=" " tag="900"><subfield code="a">NEBISnoselfmerge</subfield></datafield><datafield ind1=" " ind2=" " tag="900"><subfield code="a">REROnoselfmerge</subfield></datafield></record>
</metadata></record>