<record><header><identifier>oai:alma.41SLSP_UGE:991000795009705502</identifier><datestamp>2023-03-01T01:10:04Z</datestamp><setSpec>uge_bcen_RapidILL_BOOK</setSpec><setSpec>uge_aaca_RapidILL_BOOK</setSpec><setSpec>uge_abels_RapidILL_BOOK</setSpec><setSpec>uge_dbu_RapidILL_BOOK</setSpec><setSpec>uge_cmu_RapidILL_BOOK</setSpec><setSpec>uge_mail_RapidILL_BOOK</setSpec><setSpec>UNIGE_ALL</setSpec><setSpec>uge_abbat_RapidILL_BOOK</setSpec><setSpec>uge_aobs_RapidILL_BOOK</setSpec><setSpec>uge_acar_RapidILL_BOOK</setSpec></header><metadata>
<record xmlns="http://www.loc.gov/MARC21/slim" xmlns:xsi="http://www.w3.org/2001/XMLSchema-instance" xsi:schemaLocation="http://www.loc.gov/MARC21/slim http://www.loc.gov/standards/marcxml/schema/MARC21slim.xsd"><leader>01275nam a22003492c 4500</leader><controlfield tag="001">991000795009705502</controlfield><controlfield tag="005">20201222225604.0</controlfield><controlfield tag="008">130708s2012    xxk||||| |||| 00| ||eng d</controlfield><datafield ind1=" " ind2=" " tag="020"><subfield code="a">0713677775</subfield><subfield code="q">pbk.</subfield></datafield><datafield ind1=" " ind2=" " tag="020"><subfield code="a">9780713677775</subfield><subfield code="q">pbk.</subfield></datafield><datafield ind1=" " ind2=" " tag="035"><subfield code="a">(swissbib)117694754-41slsp_network</subfield></datafield><datafield ind1=" " ind2=" " tag="035"><subfield code="a">117694754</subfield><subfield code="9">ExL</subfield></datafield><datafield ind1=" " ind2=" " tag="035"><subfield code="a">(RERO)R007344760-41slsp</subfield></datafield><datafield ind1=" " ind2=" " tag="035"><subfield code="a">(EXLNZ-41SLSP_NETWORK)991121315839705501</subfield></datafield><datafield ind1=" " ind2=" " tag="040"><subfield code="a">YDXCP</subfield><subfield code="d">CH-ZuSLS</subfield></datafield><datafield ind1=" " ind2="4" tag="050"><subfield code="a">PR2574</subfield><subfield code="b">.W8 2012</subfield></datafield><datafield ind1=" " ind2="7" tag="072"><subfield code="a">an</subfield><subfield code="2">rero</subfield></datafield><datafield ind1="1" ind2=" " tag="100"><subfield code="a">Heywood, Thomas</subfield><subfield code="0">(RERO)A003370186</subfield><subfield code="4">cre</subfield></datafield><datafield ind1="1" ind2="0" tag="245"><subfield code="a">&lt;&lt;A&gt;&gt; woman killed with kindness</subfield><subfield code="c">Thomas Heywood ; edited with notes by Brian Scobie ; introduction by Frances E. Dolan</subfield></datafield><datafield ind1=" " ind2=" " tag="250"><subfield code="a">Rev. ed</subfield></datafield><datafield ind1=" " ind2="1" tag="264"><subfield code="a">London</subfield><subfield code="b">Methuen Drama</subfield><subfield code="a">New York</subfield><subfield code="b">Bloomsbury Academic &amp; Professional [distributor]</subfield><subfield code="c">2012</subfield></datafield><datafield ind1=" " ind2=" " tag="300"><subfield code="a">xlii, 93 p.</subfield><subfield code="b">facsim.</subfield><subfield code="c">20 cm.</subfield></datafield><datafield ind1=" " ind2=" " tag="336"><subfield code="b">txt</subfield><subfield code="2">rdacontent</subfield></datafield><datafield ind1=" " ind2=" " tag="337"><subfield code="b">n</subfield><subfield code="2">rdamedia</subfield></datafield><datafield ind1=" " ind2=" " tag="338"><subfield code="b">nc</subfield><subfield code="2">rdacarrier</subfield></datafield><datafield ind1="0" ind2=" " tag="490"><subfield code="a">New mermaids</subfield></datafield><datafield ind1=" " ind2=" " tag="500"><subfield code="a">Originally written about 1603, and printed in 1607</subfield></datafield><datafield ind1=" " ind2=" " tag="504"><subfield code="a">Includes bibliographical references (p. xxxviii-xli).</subfield></datafield><datafield ind1=" " ind2="0" tag="650"><subfield code="a">Adultery</subfield><subfield code="v">Drama</subfield></datafield><datafield ind1="1" ind2=" " tag="700"><subfield code="a">Dolan, Frances Elizabeth</subfield><subfield code="d">1960-....</subfield><subfield code="0">(IDREF)067328539</subfield></datafield><datafield ind1="1" ind2=" " tag="700"><subfield code="a">Scobie, Brian W.M</subfield><subfield code="0">(RERO)A008908330</subfield></datafield><datafield ind1=" " ind2=" " tag="900"><subfield code="a">REROnoselfmerge</subfield></datafield><datafield ind1=" " ind2=" " tag="910"><subfield code="a">OCoLC</subfield><subfield code="b">20130708</subfield><subfield code="c">Droits réservés</subfield></datafield></record>
</metadata></record>