<record><header><identifier>oai:alma.41SLSP_UGE:991000794279705502</identifier><datestamp>2023-03-01T01:10:04Z</datestamp><setSpec>uge_bcen_RapidILL_BOOK</setSpec><setSpec>uge_aaca_RapidILL_BOOK</setSpec><setSpec>uge_abels_RapidILL_BOOK</setSpec><setSpec>uge_dbu_RapidILL_BOOK</setSpec><setSpec>uge_cmu_RapidILL_BOOK</setSpec><setSpec>uge_mail_RapidILL_BOOK</setSpec><setSpec>UNIGE_ALL</setSpec><setSpec>uge_abbat_RapidILL_BOOK</setSpec><setSpec>uge_aobs_RapidILL_BOOK</setSpec><setSpec>uge_acar_RapidILL_BOOK</setSpec></header><metadata>
<record xmlns="http://www.loc.gov/MARC21/slim" xmlns:xsi="http://www.w3.org/2001/XMLSchema-instance" xsi:schemaLocation="http://www.loc.gov/MARC21/slim http://www.loc.gov/standards/marcxml/schema/MARC21slim.xsd"><leader>03380nam a2200661 c 4500</leader><controlfield tag="001">991000794279705502</controlfield><controlfield tag="005">20230119203045.0</controlfield><controlfield tag="008">201012t20102010xxu||||| |||| 00| ||eng d</controlfield><datafield ind1=" " ind2=" " tag="010"><subfield code="a">2009018353</subfield></datafield><datafield ind1=" " ind2=" " tag="015"><subfield code="a">09,N26,0124</subfield><subfield code="2">dnb</subfield></datafield><datafield ind1="7" ind2=" " tag="016"><subfield code="a">994589808</subfield><subfield code="2">DE-101</subfield></datafield><datafield ind1=" " ind2=" " tag="020"><subfield code="a">1433106450</subfield><subfield code="q">clothbound : alk. paper</subfield></datafield><datafield ind1=" " ind2=" " tag="020"><subfield code="a">9781433106453</subfield><subfield code="q">clothbound : alk. paper</subfield></datafield><datafield ind1=" " ind2=" " tag="035"><subfield code="a">(swissbib)239507185-41slsp_network</subfield></datafield><datafield ind1=" " ind2=" " tag="035"><subfield code="a">239507185</subfield><subfield code="9">ExL</subfield></datafield><datafield ind1=" " ind2=" " tag="035"><subfield code="a">(RERO)R007758662-41slsp</subfield></datafield><datafield ind1=" " ind2=" " tag="035"><subfield code="a">(IDSLU)000959679ILU01</subfield></datafield><datafield ind1=" " ind2=" " tag="035"><subfield code="a">(NEBIS)006408366EBI01</subfield></datafield><datafield ind1=" " ind2=" " tag="035"><subfield code="a">(IDSBB)005408389DSV01</subfield></datafield><datafield ind1=" " ind2=" " tag="035"><subfield code="a">(OCoLC)320622161</subfield></datafield><datafield ind1=" " ind2=" " tag="035"><subfield code="a">(EXLNZ-41SLSP_NETWORK)991014185589705501</subfield></datafield><datafield ind1=" " ind2=" " tag="040"><subfield code="a">DLC</subfield><subfield code="d">CH-ZuSLS</subfield></datafield><datafield ind1=" " ind2=" " tag="044"><subfield code="a">sz</subfield><subfield code="c">ch-be</subfield></datafield><datafield ind1=" " ind2="0" tag="050"><subfield code="a">BC71</subfield><subfield code="b">.M43 2010</subfield></datafield><datafield ind1=" " ind2="7" tag="072"><subfield code="a">ph</subfield><subfield code="2">rero</subfield></datafield><datafield ind1=" " ind2="7" tag="072"><subfield code="a">100</subfield><subfield code="2">IDS LU</subfield></datafield><datafield ind1=" " ind2="7" tag="072"><subfield code="a">ph</subfield><subfield code="2">SzZuIDS BS/BE</subfield></datafield><datafield ind1="0" ind2="0" tag="082"><subfield code="a">160</subfield><subfield code="2">22</subfield></datafield><datafield ind1=" " ind2=" " tag="084"><subfield code="a">5,1</subfield><subfield code="2">ssgn</subfield></datafield><datafield ind1=" " ind2=" " tag="084"><subfield code="a">100</subfield><subfield code="2">GyFmDB</subfield></datafield><datafield ind1=" " ind2=" " tag="084"><subfield code="a">CC 2500</subfield><subfield code="2">rvk</subfield></datafield><datafield ind1="1" ind2=" " tag="100"><subfield code="a">McKeon, Matthew W.</subfield><subfield code="0">(IDREF)157825310</subfield><subfield code="4">cre</subfield></datafield><datafield ind1="1" ind2="0" tag="245"><subfield code="a">&lt;&lt;The&gt;&gt; concept of logical consequence</subfield><subfield code="b">an introduction to philosophical logic</subfield><subfield code="c">Matthew W. McKeon</subfield></datafield><datafield ind1=" " ind2="1" tag="264"><subfield code="a">New York ; Bern</subfield><subfield code="b">Peter Lang</subfield><subfield code="c">2010</subfield></datafield><datafield ind1=" " ind2="4" tag="264"><subfield code="c">©2010</subfield></datafield><datafield ind1=" " ind2=" " tag="300"><subfield code="a">164 p.</subfield><subfield code="c">24 cm</subfield></datafield><datafield ind1=" " ind2=" " tag="336"><subfield code="b">txt</subfield><subfield code="2">rdacontent</subfield></datafield><datafield ind1=" " ind2=" " tag="337"><subfield code="b">n</subfield><subfield code="2">rdamedia</subfield></datafield><datafield ind1=" " ind2=" " tag="338"><subfield code="b">nc</subfield><subfield code="2">rdacarrier</subfield></datafield><datafield ind1="1" ind2=" " tag="490"><subfield code="a">American university studies. Series 5, Philosophy</subfield><subfield code="v">207</subfield></datafield><datafield ind1=" " ind2=" " tag="504"><subfield code="a">Includes bibliographical references.</subfield></datafield><datafield ind1="0" ind2=" " tag="505"><subfield code="a">Introduction -- The concept of logical consequence. Tarski's characterization of the common concept of logical consequence ; Logical constants ; Model-theoretic and deductive-theoretic approaches to logic -- Set-theoretic and linguistic preliminaries. Set-theoretic preliminaries ; Linguistic preliminaries ; Syntax of M ; Semantics for M -- Model-theoretic consequence. Truth in a structure ; Model-theoretic consequence defined ; The metaphysics of domains ; Interpretations ; The adequacy of the model-theoretic characterization of logical consequence ; What is a logical constant? -- Deductive consequence. Deductive system M ; The deductive-theoretic characterization and the common concept of logical consequence ; Inferentialism, harmony, and the justification of inference rules ; Tarski's criticism of the deductive-theoretic characterization of logical consequence ; Is N a correct deductive system?</subfield></datafield><datafield ind1="1" ind2="7" tag="600"><subfield code="a">Tarski, Alfred</subfield><subfield code="d">1901-1983</subfield><subfield code="0">(DE-588)118620851</subfield><subfield code="2">gnd</subfield></datafield><datafield ind1=" " ind2="7" tag="650"><subfield code="a">Logique</subfield><subfield code="0">(IDREF)027284263</subfield><subfield code="2">idref</subfield></datafield><datafield ind1=" " ind2="7" tag="650"><subfield code="a">Philosophie</subfield><subfield code="0">(IDREF)027295206</subfield><subfield code="2">idref</subfield></datafield><datafield ind1=" " ind2="7" tag="650"><subfield code="a">Logischer Schluss</subfield><subfield code="0">(DE-588)4139983-3</subfield><subfield code="2">gnd</subfield></datafield><datafield ind1=" " ind2="7" tag="650"><subfield code="a">Konklusion</subfield><subfield code="0">(DE-588)4193626-7</subfield><subfield code="2">gnd</subfield></datafield><datafield ind1=" " ind2="7" tag="650"><subfield code="a">Logik</subfield><subfield code="2">idszbz</subfield></datafield><datafield ind1=" " ind2="7" tag="650"><subfield code="a">Folgerung</subfield><subfield code="2">idszbz</subfield></datafield><datafield ind1=" " ind2="0" tag="650"><subfield code="a">Logic</subfield></datafield><datafield ind1=" " ind2="7" tag="650"><subfield code="a">Logik</subfield><subfield code="0">(DE-588)4036202-4</subfield><subfield code="2">gnd</subfield></datafield><datafield ind1="4" ind2="2" tag="856"><subfield code="u">http://bvbr.bib-bvb.de:8991/F?func=service&amp;doc_library=BVB01&amp;doc_number=017688132&amp;line_number=0001&amp;func_code=DB_RECORDS&amp;service_type=MEDIA</subfield></datafield><datafield ind1="4" ind2="2" tag="856"><subfield code="u">http://d-nb.info/994589808/04</subfield></datafield><datafield ind1="4" ind2=" " tag="856"><subfield code="3">Titelblatt und Inhaltsverzeichnis</subfield><subfield code="u">https://toc.library.ethz.ch/objects/pdf/z01_978-1-4331-0645-3_01.pdf</subfield><subfield code="q">pdf</subfield></datafield><datafield ind1=" " ind2="0" tag="830"><subfield code="a">American university studies</subfield><subfield code="p">Series 5, Philosophy</subfield><subfield code="v">207</subfield><subfield code="w">(NEBIS)000068708EBI01</subfield></datafield><datafield ind1=" " ind2=" " tag="900"><subfield code="a">REROnoselfmerge</subfield></datafield><datafield ind1=" " ind2=" " tag="900"><subfield code="a">IDSZ2zbzmon201106f</subfield><subfield code="c">IDSZ2tobt</subfield><subfield code="d">IDSZ2zbzswk201106b</subfield><subfield code="e">IDSZ2somm</subfield></datafield><datafield ind1=" " ind2=" " tag="910"><subfield code="a">LOC</subfield><subfield code="b">20140605</subfield><subfield code="c">Droits réservés</subfield></datafield><datafield ind1=" " ind2=" " tag="949"><subfield code="a">https://toc.library.ethz.ch/objects/pdf/z01_978-1-4331-0645-3_01.pdf</subfield></datafield></record>
</metadata></record>