<record><header><identifier>oai:alma.41SLSP_UGE:991000769639705502</identifier><datestamp>2023-11-17T02:11:15Z</datestamp><setSpec>uge_bcen_RapidILL_BOOK</setSpec><setSpec>uge_aaca_RapidILL_BOOK</setSpec><setSpec>uge_abels_RapidILL_BOOK</setSpec><setSpec>uge_dbu_RapidILL_BOOK</setSpec><setSpec>uge_cmu_RapidILL_BOOK</setSpec><setSpec>uge_mail_RapidILL_BOOK</setSpec><setSpec>uge_abbat_RapidILL_BOOK</setSpec><setSpec>UNIGE_ALL</setSpec><setSpec>uge_aobs_RapidILL_BOOK</setSpec><setSpec>uge_acar_RapidILL_BOOK</setSpec></header><metadata>
<record xmlns="http://www.loc.gov/MARC21/slim" xmlns:xsi="http://www.w3.org/2001/XMLSchema-instance" xsi:schemaLocation="http://www.loc.gov/MARC21/slim http://www.loc.gov/standards/marcxml/schema/MARC21slim.xsd"><leader>02122nam a2200469 c 4500</leader><controlfield tag="001">991000769639705502</controlfield><controlfield tag="005">20230325065418.0</controlfield><controlfield tag="008">201012t19971997gw ||||| |||| 10| ||eng d</controlfield><datafield ind1=" " ind2=" " tag="020"><subfield code="a">3540632387</subfield></datafield><datafield ind1=" " ind2=" " tag="035"><subfield code="a">(swissbib)239935128-41slsp_network</subfield></datafield><datafield ind1=" " ind2=" " tag="035"><subfield code="a">239935128</subfield><subfield code="9">ExL</subfield></datafield><datafield ind1=" " ind2=" " tag="035"><subfield code="a">(RERO)R216698860-41slsp</subfield></datafield><datafield ind1=" " ind2=" " tag="035"><subfield code="a">(NEBIS)001792524EBI01</subfield></datafield><datafield ind1=" " ind2=" " tag="035"><subfield code="a">(EXLNZ-41SLSP_NETWORK)991127300209705501</subfield></datafield><datafield ind1=" " ind2=" " tag="040"><subfield code="a">RERO geucui</subfield><subfield code="d">CH-ZuSLS</subfield></datafield><datafield ind1=" " ind2="7" tag="072"><subfield code="a">in</subfield><subfield code="2">rero</subfield></datafield><datafield ind1="0" ind2="0" tag="245"><subfield code="a">Advances in spatial databases</subfield><subfield code="b">5th international symposium, SSD'97, Berlin, Germany, July 15-18, 1997 : proceedings</subfield><subfield code="c">Michel Scholl, Agnès Voisard, (eds.)</subfield></datafield><datafield ind1="1" ind2=" " tag="246"><subfield code="a">SSD'97</subfield></datafield><datafield ind1="1" ind2=" " tag="246"><subfield code="a">SSD '97</subfield></datafield><datafield ind1=" " ind2="1" tag="264"><subfield code="a">Berlin [etc.]</subfield><subfield code="b">Springer</subfield><subfield code="c">[1997]</subfield></datafield><datafield ind1=" " ind2="4" tag="264"><subfield code="c">© 1997</subfield></datafield><datafield ind1=" " ind2=" " tag="300"><subfield code="a">XI, 373 p.</subfield><subfield code="b">ill.</subfield><subfield code="c">24 cm</subfield></datafield><datafield ind1=" " ind2=" " tag="336"><subfield code="b">txt</subfield><subfield code="2">rdacontent</subfield></datafield><datafield ind1=" " ind2=" " tag="337"><subfield code="b">n</subfield><subfield code="2">rdamedia</subfield></datafield><datafield ind1=" " ind2=" " tag="338"><subfield code="b">nc</subfield><subfield code="2">rdacarrier</subfield></datafield><datafield ind1="1" ind2=" " tag="490"><subfield code="a">Lecture notes in computer science</subfield><subfield code="v">1262</subfield></datafield><datafield ind1=" " ind2=" " tag="500"><subfield code="a">Variante du titre: SSD'97</subfield></datafield><datafield ind1=" " ind2=" " tag="500"><subfield code="a">Rückentitel: SSD '97</subfield></datafield><datafield ind1=" " ind2=" " tag="500"><subfield code="a">&quot;... at the Fifth International Symposium on Spatial Databases ...&quot;</subfield></datafield><datafield ind1=" " ind2="7" tag="650"><subfield code="a">base de données - gestion</subfield><subfield code="0">(RERO)A009965543</subfield><subfield code="2">rerovoc</subfield></datafield><datafield ind1=" " ind2="7" tag="650"><subfield code="a">Espace-temps</subfield><subfield code="0">(IDREF)028669657</subfield><subfield code="2">idref</subfield></datafield><datafield ind1=" " ind2="7" tag="650"><subfield code="a">ABFRAGEN (INFORMATIONSSYSTEME)</subfield><subfield code="9">ger</subfield><subfield code="0">(ETHUDK)000013732</subfield><subfield code="2">ethudk</subfield></datafield><datafield ind1=" " ind2="7" tag="650"><subfield code="a">DATENSTRUKTUREN</subfield><subfield code="9">ger</subfield><subfield code="0">(ETHUDK)000013731</subfield><subfield code="2">ethudk</subfield></datafield><datafield ind1=" " ind2="7" tag="650"><subfield code="a">GEOGRAFISCHE INFORMATIONSSYSTEME</subfield><subfield code="9">ger</subfield><subfield code="0">(ETHUDK)000043761</subfield><subfield code="2">ethudk</subfield></datafield><datafield ind1=" " ind2="7" tag="655"><subfield code="a">Actes de congrès</subfield><subfield code="0">(IDREF)02886431X</subfield><subfield code="2">idref</subfield></datafield><datafield ind1=" " ind2="7" tag="655"><subfield code="a">Konferenzschrift</subfield><subfield code="z">Berlin (ab 3.10.1990)</subfield><subfield code="y">1997/07</subfield><subfield code="2">gnd-content</subfield></datafield><datafield ind1="1" ind2=" " tag="700"><subfield code="a">Scholl, Michel</subfield><subfield code="c">informaticien</subfield><subfield code="d">1943-2011</subfield><subfield code="0">(IDREF)068448295</subfield></datafield><datafield ind1="2" ind2=" " tag="711"><subfield code="a">Symposium on the Design and Implementation of Large Spatial Databases</subfield><subfield code="0">(DE-588)1091931968</subfield></datafield><datafield ind1="2" ind2=" " tag="711"><subfield code="a">International Symposium on Spatial Databases</subfield><subfield code="n">05</subfield><subfield code="d">1997</subfield><subfield code="c">Berlin</subfield><subfield code="0">(IDREF)241198585</subfield></datafield><datafield ind1="4" ind2=" " tag="856"><subfield code="3">Abstract / Autoreninformation</subfield><subfield code="u">https://toc.library.ethz.ch/objects/pdf/000020349_e01_3540632387_02.pdf</subfield><subfield code="q">pdf</subfield></datafield><datafield ind1=" " ind2=" " tag="830"><subfield code="a">Lecture notes in computer science</subfield><subfield code="n">1 (1973) - 2999 (2004)</subfield><subfield code="v">1262</subfield><subfield code="w">(NEBIS)000025969EBI01</subfield></datafield><datafield ind1=" " ind2=" " tag="830"><subfield code="a">Lecture notes in computer science</subfield><subfield code="v">1262</subfield><subfield code="w">(RERO)0078255-41slsp</subfield></datafield><datafield ind1=" " ind2=" " tag="900"><subfield code="a">REROnoselfmerge</subfield></datafield></record>
</metadata></record>