<record><header><identifier>oai:alma.41SLSP_UGE:991000769649705502</identifier><datestamp>2023-06-26T00:15:08Z</datestamp><setSpec>UNIGE_ALL</setSpec></header><metadata>
<record xmlns="http://www.loc.gov/MARC21/slim" xmlns:xsi="http://www.w3.org/2001/XMLSchema-instance" xsi:schemaLocation="http://www.loc.gov/MARC21/slim http://www.loc.gov/standards/marcxml/schema/MARC21slim.xsd"><leader>01573ngm a2200289 c 4500</leader><controlfield tag="001">991000769649705502</controlfield><controlfield tag="005">20230625173238.0</controlfield><controlfield tag="007">vd |v||||</controlfield><controlfield tag="008">170322s1941    sz ||| |          v|gsw d</controlfield><datafield ind1=" " ind2=" " tag="035"><subfield code="a">(swissbib)123722837-41slsp_network</subfield></datafield><datafield ind1=" " ind2=" " tag="035"><subfield code="a">123722837</subfield><subfield code="9">ExL</subfield></datafield><datafield ind1=" " ind2=" " tag="035"><subfield code="a">(RERO)R008618651-41slsp</subfield></datafield><datafield ind1=" " ind2=" " tag="035"><subfield code="a">(EXLNZ-41SLSP_NETWORK)991010643239705501</subfield></datafield><datafield ind1=" " ind2=" " tag="040"><subfield code="a">RERO geumem</subfield><subfield code="d">CH-ZuSLS</subfield></datafield><datafield ind1=" " ind2=" " tag="044"><subfield code="a">sz</subfield><subfield code="c">ch-zh</subfield></datafield><datafield ind1=" " ind2="7" tag="072"><subfield code="a">ba</subfield><subfield code="2">rero</subfield></datafield><datafield ind1="0" ind2="0" tag="245"><subfield code="a">Landammann Stauffacher</subfield><subfield code="c">Regie Leopold Lindtberg</subfield></datafield><datafield ind1=" " ind2="1" tag="264"><subfield code="a">Zürich</subfield><subfield code="b">Praesens-Film [prod.]</subfield><subfield code="c">1941</subfield></datafield><datafield ind1=" " ind2=" " tag="300"><subfield code="a">1 DVD-R (1h45 min)</subfield><subfield code="b">noir et blanc</subfield></datafield><datafield ind1=" " ind2=" " tag="336"><subfield code="b">tdi</subfield><subfield code="2">rdacontent</subfield></datafield><datafield ind1=" " ind2=" " tag="337"><subfield code="b">v</subfield><subfield code="2">rdamedia</subfield></datafield><datafield ind1=" " ind2=" " tag="338"><subfield code="b">vd</subfield><subfield code="2">rdacarrier</subfield></datafield><datafield ind1=" " ind2=" " tag="500"><subfield code="a">Langue : suisse-allemand</subfield></datafield><datafield ind1="0" ind2=" " tag="511"><subfield code="a">Heinrich Gretler ; Robert Trösch ; Fred Tanner ; Anne-Marie Blanc... et al.</subfield></datafield><datafield ind1="8" ind2=" " tag="520"><subfield code="a">Film mettant en scène la bataille de Morgarten (1315). Ce film historique est aussi un film de combat, tourné pour renforcer le patriotisme suisse face au danger nazi. Après une longue période de paix, début du 14e s., le monde germanique est à nouveau en ébullition. Deux concurrents, Louis de Bavière et Rodolphe de Habsbourg, se disputent le trône impérial. Sommés de prendre parti, menacés dans leur nouvelle indépendance, les Confédérés suisses entrent dans la lutte. Stauffacher et les siens sont à la pointe du combat et se retrourneront finalement contre les Habsbourg.&quot; cf Wikipédia</subfield><subfield code="5">RERO/geumem/03.2017</subfield></datafield><datafield ind1=" " ind2="7" tag="655"><subfield code="a">DVD</subfield><subfield code="0">(IDREF)035108444</subfield><subfield code="2">idref</subfield></datafield><datafield ind1=" " ind2="7" tag="655"><subfield code="a">Films de fiction</subfield><subfield code="0">(IDREF)14779644X</subfield><subfield code="2">idref</subfield></datafield><datafield ind1="1" ind2=" " tag="700"><subfield code="a">Lindtberg, Leopold</subfield><subfield code="0">(RERO)A003523336</subfield></datafield></record>
</metadata></record>