<record><header><identifier>oai:alma.41SLSP_UGE:991000770379705502</identifier><datestamp>2023-04-08T00:24:07Z</datestamp><setSpec>uge_bcen_RapidILL_BOOK</setSpec><setSpec>uge_aaca_RapidILL_BOOK</setSpec><setSpec>uge_abels_RapidILL_BOOK</setSpec><setSpec>uge_dbu_RapidILL_BOOK</setSpec><setSpec>uge_cmu_RapidILL_BOOK</setSpec><setSpec>uge_mail_RapidILL_BOOK</setSpec><setSpec>uge_abbat_RapidILL_BOOK</setSpec><setSpec>UNIGE_ALL</setSpec><setSpec>uge_aobs_RapidILL_BOOK</setSpec><setSpec>uge_acar_RapidILL_BOOK</setSpec></header><metadata>
<record xmlns="http://www.loc.gov/MARC21/slim" xmlns:xsi="http://www.w3.org/2001/XMLSchema-instance" xsi:schemaLocation="http://www.loc.gov/MARC21/slim http://www.loc.gov/standards/marcxml/schema/MARC21slim.xsd"><leader>02175nam a2200517 c 4500</leader><controlfield tag="001">991000770379705502</controlfield><controlfield tag="005">20230406193442.0</controlfield><controlfield tag="008">201012s2004    xxu           00| | eng| </controlfield><datafield ind1=" " ind2=" " tag="010"><subfield code="a">2002045239</subfield></datafield><datafield ind1=" " ind2=" " tag="020"><subfield code="a">9780073661704</subfield></datafield><datafield ind1=" " ind2=" " tag="020"><subfield code="a">0073661708</subfield></datafield><datafield ind1=" " ind2=" " tag="035"><subfield code="a">(swissbib)237422824-41slsp_network</subfield></datafield><datafield ind1=" " ind2=" " tag="035"><subfield code="a">237422824</subfield><subfield code="9">ExL</subfield></datafield><datafield ind1=" " ind2=" " tag="035"><subfield code="a">(NEBIS)008636180EBI01</subfield></datafield><datafield ind1=" " ind2=" " tag="035"><subfield code="a">(RERO)R003542616-41slsp</subfield></datafield><datafield ind1=" " ind2=" " tag="035"><subfield code="a">(EXLNZ-41SLSP_NETWORK)991015777559705501</subfield></datafield><datafield ind1=" " ind2=" " tag="040"><subfield code="a">SzZuIDS NEBIS UZH</subfield><subfield code="d">CH-ZuSLS</subfield></datafield><datafield ind1=" " ind2=" " tag="050"><subfield code="a">QE719.8</subfield><subfield code="b">.P76 2003</subfield></datafield><datafield ind1=" " ind2="7" tag="072"><subfield code="a">st</subfield><subfield code="2">rero</subfield></datafield><datafield ind1="0" ind2="4" tag="082"><subfield code="a">560</subfield><subfield code="2">21</subfield></datafield><datafield ind1="1" ind2=" " tag="100"><subfield code="a">Prothero, Donald R.</subfield><subfield code="d">1954-</subfield><subfield code="0">(DE-588)1036792420</subfield><subfield code="6">880-01</subfield></datafield><datafield ind1="1" ind2=" " tag="880"><subfield code="6">100-01</subfield><subfield code="a">Prothero, Donald R.</subfield><subfield code="c">paléontologue</subfield><subfield code="d">1954-....</subfield><subfield code="0">(IDREF)033290229</subfield><subfield code="4">cre</subfield></datafield><datafield ind1="1" ind2="0" tag="245"><subfield code="a">Bringing fossils to life</subfield><subfield code="b">an introduction to paleobiology</subfield><subfield code="c">Donald R. Prothero</subfield></datafield><datafield ind1=" " ind2=" " tag="250"><subfield code="a">2nd ed.</subfield></datafield><datafield ind1=" " ind2="1" tag="264"><subfield code="a">Boston</subfield><subfield code="b">McGraw-Hill</subfield><subfield code="c">2004</subfield></datafield><datafield ind1=" " ind2=" " tag="300"><subfield code="a">VIII, 503 p.</subfield><subfield code="b">ill.</subfield><subfield code="c">28 cm</subfield></datafield><datafield ind1=" " ind2=" " tag="336"><subfield code="b">txt</subfield><subfield code="2">rdacontent</subfield></datafield><datafield ind1=" " ind2=" " tag="337"><subfield code="b">n</subfield><subfield code="2">rdamedia</subfield></datafield><datafield ind1=" " ind2=" " tag="338"><subfield code="b">nc</subfield><subfield code="2">rdacarrier</subfield></datafield><datafield ind1=" " ind2="7" tag="650"><subfield code="a">Paläobiologie</subfield><subfield code="0">(DE-588)4173106-2</subfield><subfield code="2">gnd</subfield></datafield><datafield ind1=" " ind2="7" tag="650"><subfield code="a">Paläontologie</subfield><subfield code="0">(DE-588)4044375-9</subfield><subfield code="2">gnd</subfield></datafield><datafield ind1=" " ind2="7" tag="650"><subfield code="a">Palökologie</subfield><subfield code="0">(DE-588)4044430-2</subfield><subfield code="2">gnd</subfield></datafield><datafield ind1=" " ind2="7" tag="650"><subfield code="a">BIOGEOGRAFIE</subfield><subfield code="9">ger</subfield><subfield code="0">(ETHUDK)000021476</subfield><subfield code="2">ethudk</subfield></datafield><datafield ind1=" " ind2="7" tag="650"><subfield code="a">BIOSTRATIGRAPHIE</subfield><subfield code="9">ger</subfield><subfield code="0">(ETHUDK)000020458</subfield><subfield code="2">ethudk</subfield></datafield><datafield ind1=" " ind2="7" tag="650"><subfield code="a">FOSSILIEN (PALÄONTOLOGIE)</subfield><subfield code="9">ger</subfield><subfield code="0">(ETHUDK)000038226</subfield><subfield code="2">ethudk</subfield></datafield><datafield ind1=" " ind2="7" tag="650"><subfield code="a">LEHRBÜCHER (DOKUMENTENTYP)</subfield><subfield code="9">ger</subfield><subfield code="0">(ETHUDK)000000099</subfield><subfield code="2">ethudk</subfield></datafield><datafield ind1=" " ind2="7" tag="650"><subfield code="a">MIKROPALÄONTOLOGIE</subfield><subfield code="9">ger</subfield><subfield code="0">(ETHUDK)000020894</subfield><subfield code="2">ethudk</subfield></datafield><datafield ind1=" " ind2="7" tag="650"><subfield code="a">PALÄONTOLOGIE</subfield><subfield code="9">ger</subfield><subfield code="0">(ETHUDK)000020888</subfield><subfield code="2">ethudk</subfield></datafield><datafield ind1=" " ind2="7" tag="650"><subfield code="a">PALÄOÖKOLOGIE (PALÄOGEOGRAPHIE)</subfield><subfield code="9">ger</subfield><subfield code="0">(ETHUDK)000038868</subfield><subfield code="2">ethudk</subfield></datafield><datafield ind1=" " ind2="7" tag="650"><subfield code="a">Paléobiologie</subfield><subfield code="0">(IDREF)027822605</subfield><subfield code="2">idref</subfield></datafield><datafield ind1=" " ind2="7" tag="650"><subfield code="a">Paléontologie</subfield><subfield code="0">(IDREF)030808677</subfield><subfield code="2">idref</subfield></datafield><datafield ind1=" " ind2="7" tag="650"><subfield code="a">Fossiles</subfield><subfield code="0">(IDREF)027544974</subfield><subfield code="2">idref</subfield></datafield><datafield ind1=" " ind2="7" tag="655"><subfield code="a">Lehrbuch</subfield><subfield code="2">gnd-content</subfield></datafield><datafield ind1=" " ind2=" " tag="690"><subfield code="a">56</subfield><subfield code="d">Paläontologie (Allgemein)</subfield><subfield code="2">uzb-UK</subfield></datafield><datafield ind1="4" ind2=" " tag="856"><subfield code="3">Titelblatt und Inhaltsverzeichnis</subfield><subfield code="u">https://toc.library.ethz.ch/objects/pdf02/USBI_978-0-07-366170-4_01.pdf</subfield><subfield code="q">pdf</subfield></datafield><datafield ind1=" " ind2=" " tag="900"><subfield code="a">REROnoselfmerge</subfield></datafield><datafield ind1=" " ind2=" " tag="949"><subfield code="a">https://toc.library.ethz.ch/objects/pdf02/USBI_978-0-07-366170-4_01.pdf</subfield></datafield></record>
</metadata></record>