<record><header><identifier>oai:alma.41SLSP_UGE:991000794599705502</identifier><datestamp>2024-10-16T00:06:34Z</datestamp><setSpec>uge_bcen_RapidILL_BOOK</setSpec><setSpec>uge_aaca_RapidILL_BOOK</setSpec><setSpec>uge_abels_RapidILL_BOOK</setSpec><setSpec>uge_dbu_RapidILL_BOOK</setSpec><setSpec>uge_cmu_RapidILL_BOOK</setSpec><setSpec>uge_mail_RapidILL_BOOK</setSpec><setSpec>uge_abbat_RapidILL_BOOK</setSpec><setSpec>UNIGE_ALL</setSpec><setSpec>uge_aobs_RapidILL_BOOK</setSpec><setSpec>uge_acar_RapidILL_BOOK</setSpec></header><metadata>
<record xmlns="http://www.loc.gov/MARC21/slim" xmlns:xsi="http://www.w3.org/2001/XMLSchema-instance" xsi:schemaLocation="http://www.loc.gov/MARC21/slim http://www.loc.gov/standards/marcxml/schema/MARC21slim.xsd"><leader>03505nam a2200721 c 4500</leader><controlfield tag="001">991000794599705502</controlfield><controlfield tag="005">20230704112151.0</controlfield><controlfield tag="008">201011s2018    fr ||||| |||| 00| ||fre d</controlfield><datafield ind1=" " ind2=" " tag="020"><subfield code="z">9782745345813</subfield><subfield code="q">e-ISBN</subfield></datafield><datafield ind1=" " ind2=" " tag="020"><subfield code="a">274534580X</subfield></datafield><datafield ind1=" " ind2=" " tag="020"><subfield code="a">9782745345806</subfield><subfield code="q">broché</subfield></datafield><datafield ind1="3" ind2=" " tag="024"><subfield code="a">9782745345806</subfield></datafield><datafield ind1=" " ind2=" " tag="035"><subfield code="a">(swissbib)212324411-41slsp_network</subfield></datafield><datafield ind1=" " ind2=" " tag="035"><subfield code="a">212324411</subfield><subfield code="9">ExL</subfield></datafield><datafield ind1=" " ind2=" " tag="035"><subfield code="a">(RERO)R008772215-41slsp</subfield></datafield><datafield ind1=" " ind2=" " tag="035"><subfield code="a">(IDSSG)001072170HSB01</subfield></datafield><datafield ind1=" " ind2=" " tag="035"><subfield code="a">(NEBIS)011145926EBI01</subfield></datafield><datafield ind1=" " ind2=" " tag="035"><subfield code="a">(IDSBB)006795065DSV01</subfield></datafield><datafield ind1=" " ind2=" " tag="035"><subfield code="a">(OCoLC)1033796529</subfield><subfield code="z">(OCoLC)1032694568</subfield><subfield code="z">(OCoLC)1033650912</subfield><subfield code="z">(OCoLC)1034305689</subfield></datafield><datafield ind1=" " ind2=" " tag="035"><subfield code="a">(OCoLC)1024264976</subfield></datafield><datafield ind1=" " ind2=" " tag="035"><subfield code="a">(EXLNZ-41SLSP_NETWORK)991112034179705501</subfield></datafield><datafield ind1=" " ind2=" " tag="040"><subfield code="a">RERO geulfr</subfield><subfield code="d">CH-ZuSLS</subfield></datafield><datafield ind1=" " ind2=" " tag="044"><subfield code="a">sz</subfield><subfield code="c">ch-ge</subfield></datafield><datafield ind1=" " ind2="4" tag="050"><subfield code="a">PQ</subfield></datafield><datafield ind1=" " ind2="7" tag="072"><subfield code="a">fr</subfield><subfield code="2">rero</subfield></datafield><datafield ind1="0" ind2="4" tag="082"><subfield code="a">843</subfield></datafield><datafield ind1="0" ind2="4" tag="082"><subfield code="a">840</subfield></datafield><datafield ind1="1" ind2="4" tag="082"><subfield code="a">840</subfield><subfield code="2">15</subfield></datafield><datafield ind1="1" ind2="4" tag="082"><subfield code="a">841</subfield><subfield code="2">15</subfield></datafield><datafield ind1=" " ind2=" " tag="084"><subfield code="a">ROM</subfield><subfield code="2">fid</subfield></datafield><datafield ind1=" " ind2=" " tag="084"><subfield code="a">IG 6307</subfield><subfield code="2">rvk</subfield></datafield><datafield ind1=" " ind2=" " tag="084"><subfield code="a">B</subfield><subfield code="2">sdnb</subfield></datafield><datafield ind1="1" ind2=" " tag="100"><subfield code="a">Goncourt, Edmond &lt;&lt;de&gt;&gt;</subfield><subfield code="d">1822-1896</subfield><subfield code="6">880-01</subfield><subfield code="0">(DE-588)118540688</subfield><subfield code="e">Verfasser</subfield><subfield code="4">aut</subfield></datafield><datafield ind1="1" ind2=" " tag="880"><subfield code="6">100-01</subfield><subfield code="a">Goncourt, Edmond de</subfield><subfield code="d">1822-1896</subfield><subfield code="0">(IDREF)027835987</subfield><subfield code="4">aut</subfield></datafield><datafield ind1="1" ind2="0" tag="245"><subfield code="a">&lt;&lt;La&gt;&gt; Faustin</subfield><subfield code="c">Edmond de Goncourt ; éd. critique par Roberta de Felici</subfield></datafield><datafield ind1=" " ind2="1" tag="264"><subfield code="a">Paris</subfield><subfield code="b">H. Champion</subfield><subfield code="a">Genève</subfield><subfield code="b">diff. Slatkine</subfield><subfield code="c">2018</subfield></datafield><datafield ind1=" " ind2=" " tag="300"><subfield code="a">384 p.</subfield><subfield code="c">22 cm</subfield></datafield><datafield ind1=" " ind2=" " tag="336"><subfield code="b">txt</subfield><subfield code="2">rdacontent</subfield></datafield><datafield ind1=" " ind2=" " tag="337"><subfield code="b">n</subfield><subfield code="2">rdamedia</subfield></datafield><datafield ind1=" " ind2=" " tag="338"><subfield code="b">nc</subfield><subfield code="2">rdacarrier</subfield></datafield><datafield ind1="1" ind2=" " tag="490"><subfield code="a">Oeuvres complètes des frères Goncourt. 1, Oeuvres romanesques</subfield><subfield code="v">t. 10</subfield></datafield><datafield ind1="1" ind2=" " tag="490"><subfield code="a">Textes de littérature moderne et contemporaine</subfield><subfield code="v">193</subfield></datafield><datafield ind1=" " ind2=" " tag="500"><subfield code="a">Includes bibliographical references (Seiten [369]-378). Index</subfield></datafield><datafield ind1="1" ind2="7" tag="600"><subfield code="a">Goncourt, Edmond de</subfield><subfield code="d">1822-1896</subfield><subfield code="t">&lt;&lt;La &gt;&gt;Faustin</subfield><subfield code="0">(IDREF)167895389</subfield><subfield code="2">idref</subfield></datafield><datafield ind1=" " ind2="7" tag="655"><subfield code="a">Éditions de manuscrits</subfield><subfield code="0">(IDREF)17486969X</subfield><subfield code="2">idref</subfield></datafield><datafield ind1=" " ind2="7" tag="655"><subfield code="a">Quelle</subfield><subfield code="2">gnd-content</subfield></datafield><datafield ind1=" " ind2="7" tag="655"><subfield code="a">Kommentar</subfield><subfield code="2">gnd-content</subfield></datafield><datafield ind1=" " ind2=" " tag="690"><subfield code="a">Goncourt; Roman; Alain; Angebot; Bericht; Datei; Index; Romantik; Arbeit; Auszug; Champion; Paris; Bibliographie; Biographie; Geburt; Realismus; Schauspieler; Talent</subfield><subfield code="2">idssg-J</subfield></datafield><datafield ind1=" " ind2=" " tag="690"><subfield code="a">Dokumentationsdatei; Namensindex</subfield><subfield code="2">idssg-J</subfield></datafield><datafield ind1=" " ind2=" " tag="690"><subfield code="a">kritische Ausgabe; vollständige Arbeit</subfield><subfield code="2">idssg-J</subfield></datafield><datafield ind1=" " ind2=" " tag="690"><subfield code="a">Frankreich C4EUFR</subfield><subfield code="2">idssg-J</subfield></datafield><datafield ind1=" " ind2=" " tag="690"><subfield code="a">Alain Montandon; Band Faustin Kritische Ausgabe; Faustin Edmond; Goncourt; Roberta De Felici; Schauspielerin Fausta</subfield><subfield code="2">idssg-J</subfield></datafield><datafield ind1="1" ind2=" " tag="700"><subfield code="a">De Felici, Roberta</subfield><subfield code="d">19..-....</subfield><subfield code="0">(IDREF)156764385</subfield><subfield code="4">edt</subfield></datafield><datafield ind1="4" ind2=" " tag="856"><subfield code="u">http://bvbr.bib-bvb.de:8991/F?func=service&amp;doc_library=BVB01&amp;local_base=BVB01&amp;doc_number=030306533&amp;sequence=000003&amp;line_number=0002&amp;func_code=DB_RECORDS&amp;service_type=MEDIA</subfield><subfield code="z">Klappentext</subfield></datafield><datafield ind1="4" ind2=" " tag="856"><subfield code="u">http://bvbr.bib-bvb.de:8991/F?func=service&amp;doc_library=BVB01&amp;local_base=BVB01&amp;doc_number=030306533&amp;sequence=000005&amp;line_number=0003&amp;func_code=DB_RECORDS&amp;service_type=MEDIA</subfield><subfield code="z">Buchcover</subfield></datafield><datafield ind1="4" ind2=" " tag="856"><subfield code="3">Titelblatt und Inhaltsverzeichnis</subfield><subfield code="u">https://toc.library.ethz.ch/objects/pdf03/z01_978-2-7453-4580-6_01.pdf</subfield><subfield code="q">pdf</subfield></datafield><datafield ind1=" " ind2="0" tag="830"><subfield code="a">Textes de littérature moderne et contemporaine</subfield><subfield code="v">193</subfield><subfield code="w">(NEBIS)001451057EBI01</subfield></datafield><datafield ind1=" " ind2="0" tag="830"><subfield code="a">Textes de littérature moderne et contemporaine</subfield><subfield code="v">193</subfield><subfield code="w">(RERO)1997240-41slsp</subfield></datafield><datafield ind1="1" ind2=" " tag="800"><subfield code="a">Goncourt, Edmond &lt;&lt;de&gt;&gt;</subfield><subfield code="d">1822-1896</subfield><subfield code="t">Werke</subfield><subfield code="v">1/10</subfield><subfield code="w">(IDSBB)006449049DSV01</subfield></datafield><datafield ind1="1" ind2=" " tag="800"><subfield code="a">Goncourt, Edmond &lt;&lt;de&gt;&gt;</subfield><subfield code="d">1822-1896</subfield><subfield code="t">Werke</subfield><subfield code="v">1/10</subfield><subfield code="w">(IDSSG)000598624HSB01</subfield></datafield><datafield ind1=" " ind2=" " tag="900"><subfield code="a">REROnoselfmerge</subfield></datafield><datafield ind1=" " ind2=" " tag="900"><subfield code="a">IDSZ2zbzmon201803p</subfield><subfield code="c">IDSZ2gall</subfield><subfield code="d">IDSZ2zbzswk201803k</subfield><subfield code="e">IDSZ2lanz</subfield></datafield><datafield ind1=" " ind2=" " tag="900"><subfield code="a">IDSDSStoppsignal FRED</subfield></datafield><datafield ind1=" " ind2=" " tag="949"><subfield code="a">https://toc.library.ethz.ch/objects/pdf03/z01_978-2-7453-4580-6_01.pdf</subfield></datafield></record>
</metadata></record>