<record><header><identifier>oai:alma.41SLSP_UGE:991000794889705502</identifier><datestamp>2023-03-01T01:10:04Z</datestamp><setSpec>uge_bcen_RapidILL_BOOK</setSpec><setSpec>uge_aaca_RapidILL_BOOK</setSpec><setSpec>uge_abels_RapidILL_BOOK</setSpec><setSpec>uge_dbu_RapidILL_BOOK</setSpec><setSpec>uge_cmu_RapidILL_BOOK</setSpec><setSpec>uge_mail_RapidILL_BOOK</setSpec><setSpec>UNIGE_ALL</setSpec><setSpec>uge_abbat_RapidILL_BOOK</setSpec><setSpec>uge_aobs_RapidILL_BOOK</setSpec><setSpec>uge_acar_RapidILL_BOOK</setSpec></header><metadata>
<record xmlns="http://www.loc.gov/MARC21/slim" xmlns:xsi="http://www.w3.org/2001/XMLSchema-instance" xsi:schemaLocation="http://www.loc.gov/MARC21/slim http://www.loc.gov/standards/marcxml/schema/MARC21slim.xsd"><leader>01002nam a2200349 c 4500</leader><controlfield tag="001">991000794889705502</controlfield><controlfield tag="005">20201227162947.0</controlfield><controlfield tag="008">201006s2016    sp ||||| |||| 00| ||spa d</controlfield><datafield ind1=" " ind2=" " tag="020"><subfield code="a">8483593793</subfield></datafield><datafield ind1=" " ind2=" " tag="020"><subfield code="a">9788483593790</subfield></datafield><datafield ind1=" " ind2=" " tag="035"><subfield code="a">(swissbib)123516730-41slsp_network</subfield></datafield><datafield ind1=" " ind2=" " tag="035"><subfield code="a">123516730</subfield><subfield code="9">ExL</subfield></datafield><datafield ind1=" " ind2=" " tag="035"><subfield code="a">(RERO)R008579448-41slsp</subfield></datafield><datafield ind1=" " ind2=" " tag="035"><subfield code="a">(EXLNZ-41SLSP_NETWORK)991024248909705501</subfield></datafield><datafield ind1=" " ind2=" " tag="040"><subfield code="a">C3L</subfield><subfield code="b">eng</subfield><subfield code="e">rda</subfield><subfield code="d">CH-ZuSLS</subfield></datafield><datafield ind1=" " ind2="4" tag="050"><subfield code="a">PQ</subfield></datafield><datafield ind1=" " ind2="7" tag="072"><subfield code="a">es</subfield><subfield code="2">rero</subfield></datafield><datafield ind1="1" ind2="4" tag="082"><subfield code="a">861</subfield><subfield code="2">14</subfield></datafield><datafield ind1="1" ind2=" " tag="100"><subfield code="a">Butragueño, Bárbara</subfield><subfield code="4">aut</subfield></datafield><datafield ind1="1" ind2="0" tag="245"><subfield code="a">Casa útero</subfield><subfield code="c">Bárbara Butragueño</subfield></datafield><datafield ind1=" " ind2=" " tag="250"><subfield code="a">Primera edición</subfield></datafield><datafield ind1=" " ind2="1" tag="264"><subfield code="a">Barcelona</subfield><subfield code="b">Calambur</subfield><subfield code="c">2016</subfield></datafield><datafield ind1=" " ind2=" " tag="300"><subfield code="a">74 pages</subfield><subfield code="c">23 cm</subfield></datafield><datafield ind1=" " ind2=" " tag="336"><subfield code="b">txt</subfield><subfield code="2">rdacontent</subfield></datafield><datafield ind1=" " ind2=" " tag="337"><subfield code="b">n</subfield><subfield code="2">rdamedia</subfield></datafield><datafield ind1=" " ind2=" " tag="338"><subfield code="b">nc</subfield><subfield code="2">rdacarrier</subfield></datafield><datafield ind1="1" ind2=" " tag="490"><subfield code="a">Calambur poesía</subfield><subfield code="v">157</subfield></datafield><datafield ind1=" " ind2=" " tag="500"><subfield code="a">Poems</subfield></datafield><datafield ind1=" " ind2="0" tag="650"><subfield code="a">Spanish literature</subfield><subfield code="y">21st century</subfield></datafield><datafield ind1=" " ind2="0" tag="650"><subfield code="a">Spanish poetry</subfield><subfield code="y">21st century</subfield></datafield><datafield ind1=" " ind2=" " tag="830"><subfield code="a">Calambur poesía</subfield><subfield code="v">157</subfield><subfield code="w">(RERO)R003338489-41slsp</subfield></datafield><datafield ind1=" " ind2=" " tag="900"><subfield code="a">REROnoselfmerge</subfield></datafield><datafield ind1=" " ind2=" " tag="910"><subfield code="a">OCoLC</subfield><subfield code="b">20170105</subfield><subfield code="c">Droits réservés</subfield></datafield><datafield ind1=" " ind2=" " tag="993"><subfield code="a">BFLA 297128</subfield><subfield code="x">ge/ules/a/17/315-17</subfield><subfield code="9">LOCAL</subfield></datafield></record>
</metadata></record>