<record><header><identifier>oai:alma.41SLSP_UGE:991000770099705502</identifier><datestamp>2024-09-28T00:16:34Z</datestamp><setSpec>uge_bcen_RapidILL_BOOK</setSpec><setSpec>uge_aaca_RapidILL_BOOK</setSpec><setSpec>uge_abels_RapidILL_BOOK</setSpec><setSpec>uge_dbu_RapidILL_BOOK</setSpec><setSpec>uge_cmu_RapidILL_BOOK</setSpec><setSpec>uge_mail_RapidILL_BOOK</setSpec><setSpec>uge_abbat_RapidILL_BOOK</setSpec><setSpec>UNIGE_ALL</setSpec><setSpec>uge_acar_RapidILL_BOOK</setSpec><setSpec>uge_aobs_RapidILL_BOOK</setSpec></header><metadata>
<record xmlns="http://www.loc.gov/MARC21/slim" xmlns:xsi="http://www.w3.org/2001/XMLSchema-instance" xsi:schemaLocation="http://www.loc.gov/MARC21/slim http://www.loc.gov/standards/marcxml/schema/MARC21slim.xsd"><leader>01866nam a2200565 c 4500</leader><controlfield tag="001">991000770099705502</controlfield><controlfield tag="005">20240927115051.0</controlfield><controlfield tag="008">201012s1995    fr ||||| |||| 00| ||fre d</controlfield><datafield ind1=" " ind2=" " tag="020"><subfield code="a">2709616327</subfield></datafield><datafield ind1="7" ind2=" " tag="024"><subfield code="a">http://catalogue.bnf.fr/ark:/12148/cb35782846x</subfield><subfield code="2">uri</subfield></datafield><datafield ind1=" " ind2=" " tag="035"><subfield code="a">(swissbib)237801078-41slsp_network</subfield></datafield><datafield ind1=" " ind2=" " tag="035"><subfield code="a">237801078</subfield><subfield code="9">ExL</subfield></datafield><datafield ind1=" " ind2=" " tag="035"><subfield code="a">(RERO)2082414-41slsp</subfield></datafield><datafield ind1=" " ind2=" " tag="035"><subfield code="a">(IDSBB)001198918DSV01</subfield></datafield><datafield ind1=" " ind2=" " tag="035"><subfield code="a">(NEBIS)001554983EBI01</subfield></datafield><datafield ind1=" " ind2=" " tag="035"><subfield code="a">(EXLNZ-41SLSP_NETWORK)991160303049705501</subfield></datafield><datafield ind1=" " ind2=" " tag="040"><subfield code="a">RERO frbcuc</subfield><subfield code="d">CH-ZuSLS</subfield></datafield><datafield ind1=" " ind2="7" tag="072"><subfield code="a">th</subfield><subfield code="2">rero</subfield></datafield><datafield ind1=" " ind2="7" tag="072"><subfield code="a">th</subfield><subfield code="2">SzZuIDS BS/BE</subfield></datafield><datafield ind1="0" ind2="4" tag="082"><subfield code="a">284/.2/092</subfield><subfield code="2">20</subfield></datafield><datafield ind1="0" ind2="4" tag="082"><subfield code="a">284.20924</subfield></datafield><datafield ind1="0" ind2="4" tag="082"><subfield code="a">B</subfield></datafield><datafield ind1="1" ind2="4" tag="082"><subfield code="a">284.2</subfield></datafield><datafield ind1=" " ind2=" " tag="084"><subfield code="a">BE 13192</subfield><subfield code="2">rvk</subfield></datafield><datafield ind1=" " ind2=" " tag="084"><subfield code="a">BW 13192</subfield><subfield code="2">rvk</subfield></datafield><datafield ind1=" " ind2=" " tag="084"><subfield code="a">NN 2000</subfield><subfield code="2">rvk</subfield></datafield><datafield ind1="1" ind2=" " tag="100"><subfield code="6">880-01</subfield><subfield code="a">Cottret, Bernard</subfield><subfield code="d">1951-2020</subfield><subfield code="0">(IDREF)026801361</subfield><subfield code="4">cre</subfield></datafield><datafield ind1="1" ind2=" " tag="880"><subfield code="6">100-01</subfield><subfield code="a">Cottret, Bernard</subfield><subfield code="d">1951-2020</subfield><subfield code="0">(DE-588)102842248</subfield></datafield><datafield ind1="1" ind2="0" tag="245"><subfield code="a">Calvin</subfield><subfield code="b">biographie</subfield><subfield code="c">Bernard Cottret</subfield></datafield><datafield ind1=" " ind2="1" tag="264"><subfield code="a">[Paris]</subfield><subfield code="b">J.-C. Lattès</subfield><subfield code="c">1995</subfield></datafield><datafield ind1=" " ind2=" " tag="300"><subfield code="a">455 p.</subfield><subfield code="c">24 cm</subfield></datafield><datafield ind1=" " ind2=" " tag="336"><subfield code="b">txt</subfield><subfield code="2">rdacontent</subfield></datafield><datafield ind1=" " ind2=" " tag="337"><subfield code="b">n</subfield><subfield code="2">rdamedia</subfield></datafield><datafield ind1=" " ind2=" " tag="338"><subfield code="b">nc</subfield><subfield code="2">rdacarrier</subfield></datafield><datafield ind1=" " ind2=" " tag="504"><subfield code="a">Literaturverz.</subfield></datafield><datafield ind1=" " ind2=" " tag="520"><subfield code="a">Betr. Calvin und Sebastian Castellio</subfield><subfield code="5">ubs-A115</subfield></datafield><datafield ind1=" " ind2=" " tag="580"><subfield code="a">Ed. anglaise: Calvin : a biography</subfield></datafield><datafield ind1="1" ind2="7" tag="600"><subfield code="a">Calvin, Jean</subfield><subfield code="d">1509-1564</subfield><subfield code="0">(IDREF)026763362</subfield><subfield code="2">idref</subfield></datafield><datafield ind1="1" ind2="7" tag="600"><subfield code="a">Calvin, Johannes</subfield><subfield code="v">Biographie</subfield><subfield code="2">idsbb</subfield></datafield><datafield ind1="1" ind2="7" tag="600"><subfield code="a">Calvin, Jean</subfield><subfield code="2">idszbz</subfield></datafield><datafield ind1="1" ind2="7" tag="600"><subfield code="a">Calvin, Jean</subfield><subfield code="d">1509-1564</subfield><subfield code="0">(DE-588)118518534</subfield><subfield code="2">gnd</subfield></datafield><datafield ind1="1" ind2="0" tag="600"><subfield code="a">Calvin, Jean</subfield><subfield code="d">1509-1564</subfield></datafield><datafield ind1=" " ind2="0" tag="650"><subfield code="a">Reformation</subfield><subfield code="x">Biography</subfield></datafield><datafield ind1=" " ind2="0" tag="650"><subfield code="a">Reformation</subfield><subfield code="z">Switzerland</subfield><subfield code="z">Geneva</subfield><subfield code="v">Biography</subfield></datafield><datafield ind1=" " ind2="7" tag="655"><subfield code="a">Biografie</subfield><subfield code="2">gnd-content</subfield></datafield><datafield ind1=" " ind2="7" tag="655"><subfield code="a">Biographie</subfield><subfield code="2">idszbz</subfield></datafield><datafield ind1=" " ind2=" " tag="690"><subfield code="a">Calvin, Johannes</subfield><subfield code="2">ubs-AC</subfield></datafield><datafield ind1=" " ind2=" " tag="690"><subfield code="a">Castellio, Sebastian</subfield><subfield code="2">ubs-AC</subfield></datafield><datafield ind1=" " ind2=" " tag="691"><subfield code="e">2.5.3.3.1</subfield><subfield code="2">ubs-FA</subfield></datafield><datafield ind1="0" ind2=" " tag="775"><subfield code="t">Calvin : a biography</subfield><subfield code="w">(RERO)R003659692-41slsp</subfield></datafield><datafield ind1=" " ind2=" " tag="900"><subfield code="a">REROnoselfmerge</subfield></datafield><datafield ind1=" " ind2=" " tag="993"><subfield code="a">IHR L 953</subfield><subfield code="x">ge/uihr/a/3134</subfield><subfield code="9">LOCAL</subfield></datafield></record>
</metadata></record>