<record><header><identifier>oai:alma.41SLSP_UGE:991000794679705502</identifier><datestamp>2023-04-08T00:18:01Z</datestamp><setSpec>uge_bcen_RapidILL_BOOK</setSpec><setSpec>uge_aaca_RapidILL_BOOK</setSpec><setSpec>uge_abels_RapidILL_BOOK</setSpec><setSpec>uge_dbu_RapidILL_BOOK</setSpec><setSpec>uge_cmu_RapidILL_BOOK</setSpec><setSpec>uge_mail_RapidILL_BOOK</setSpec><setSpec>uge_abbat_RapidILL_BOOK</setSpec><setSpec>UNIGE_ALL</setSpec><setSpec>uge_aobs_RapidILL_BOOK</setSpec><setSpec>uge_acar_RapidILL_BOOK</setSpec></header><metadata>
<record xmlns="http://www.loc.gov/MARC21/slim" xmlns:xsi="http://www.w3.org/2001/XMLSchema-instance" xsi:schemaLocation="http://www.loc.gov/MARC21/slim http://www.loc.gov/standards/marcxml/schema/MARC21slim.xsd"><leader>01374nam a2200349 c 4500</leader><controlfield tag="001">991000794679705502</controlfield><controlfield tag="005">20230407143920.0</controlfield><controlfield tag="008">201011s1936    sz ||||| |||| 00| ||fre d</controlfield><datafield ind1=" " ind2=" " tag="035"><subfield code="a">(swissbib)217768199-41slsp_network</subfield></datafield><datafield ind1=" " ind2=" " tag="035"><subfield code="a">217768199</subfield><subfield code="9">ExL</subfield></datafield><datafield ind1=" " ind2=" " tag="035"><subfield code="a">(RERO)2015805-41slsp</subfield></datafield><datafield ind1=" " ind2=" " tag="035"><subfield code="a">(IDSBB)003334370DSV01</subfield></datafield><datafield ind1=" " ind2=" " tag="035"><subfield code="a">(EXLNZ-41SLSP_NETWORK)991045031689705501</subfield></datafield><datafield ind1=" " ind2=" " tag="040"><subfield code="a">RERO geveth</subfield><subfield code="d">CH-ZuSLS</subfield></datafield><datafield ind1=" " ind2=" " tag="044"><subfield code="a">sz</subfield><subfield code="c">ch-ge</subfield></datafield><datafield ind1=" " ind2="7" tag="072"><subfield code="a">ps</subfield><subfield code="2">rero</subfield></datafield><datafield ind1="1" ind2=" " tag="100"><subfield code="a">Pauchard, Albert</subfield><subfield code="d">1878-1934</subfield><subfield code="0">(IDREF)027060489</subfield><subfield code="4">cre</subfield></datafield><datafield ind1="1" ind2="0" tag="245"><subfield code="a">&lt;&lt;L'&gt;&gt;autre monde</subfield><subfield code="b">ses possibilités infinies</subfield><subfield code="c">messages médiumniques d'Albert Pauchard ; reçus et notés par &quot;M.-J.&quot; ; avec une notice biographique d'Antoinette Pauchard</subfield></datafield><datafield ind1=" " ind2="1" tag="264"><subfield code="a">Genève</subfield><subfield code="a">Annemasse</subfield><subfield code="b">J.H. Jeheber</subfield><subfield code="c">1936</subfield></datafield><datafield ind1=" " ind2=" " tag="300"><subfield code="a">131 p.</subfield><subfield code="b">portr.</subfield><subfield code="c">23 cm</subfield></datafield><datafield ind1=" " ind2=" " tag="336"><subfield code="b">txt</subfield><subfield code="2">rdacontent</subfield></datafield><datafield ind1=" " ind2=" " tag="337"><subfield code="b">n</subfield><subfield code="2">rdamedia</subfield></datafield><datafield ind1=" " ind2=" " tag="338"><subfield code="b">nc</subfield><subfield code="2">rdacarrier</subfield></datafield><datafield ind1="0" ind2=" " tag="490"><subfield code="a">Société d'études psychiques de Genève</subfield></datafield><datafield ind1=" " ind2=" " tag="500"><subfield code="a">En avant-titre: Société d'études psychiques de Genève</subfield></datafield><datafield ind1=" " ind2="7" tag="650"><subfield code="a">Spiritisme</subfield><subfield code="0">(IDREF)027294102</subfield><subfield code="2">idref</subfield></datafield><datafield ind1=" " ind2="7" tag="650"><subfield code="a">Médiums</subfield><subfield code="0">(IDREF)027489264</subfield><subfield code="2">idref</subfield></datafield><datafield ind1=" " ind2="7" tag="650"><subfield code="a">Vie future</subfield><subfield code="0">(IDREF)027255158</subfield><subfield code="2">idref</subfield></datafield><datafield ind1=" " ind2="7" tag="655"><subfield code="a">[document]</subfield><subfield code="2">rerovoc</subfield><subfield code="0">(RERO)A010182398</subfield></datafield><datafield ind1="0" ind2=" " tag="700"><subfield code="a">M.-J</subfield><subfield code="0">(RERO)A003541519</subfield></datafield><datafield ind1="1" ind2=" " tag="700"><subfield code="a">Pauchard, Antoinette</subfield><subfield code="0">(IDREF)251573931</subfield></datafield><datafield ind1="2" ind2=" " tag="710"><subfield code="a">Société d'études psychiques de Genève</subfield><subfield code="g">Suisse</subfield><subfield code="0">(IDREF)231841884</subfield></datafield><datafield ind1=" " ind2=" " tag="900"><subfield code="a">REROnoselfmerge</subfield></datafield></record>
</metadata></record>