<record><header><identifier>oai:alma.41SLSP_UGE:991000769679705502</identifier><datestamp>2023-03-01T01:10:04Z</datestamp><setSpec>uge_bcen_RapidILL_BOOK</setSpec><setSpec>uge_aaca_RapidILL_BOOK</setSpec><setSpec>uge_abels_RapidILL_BOOK</setSpec><setSpec>uge_dbu_RapidILL_BOOK</setSpec><setSpec>uge_cmu_RapidILL_BOOK</setSpec><setSpec>uge_mail_RapidILL_BOOK</setSpec><setSpec>UNIGE_ALL</setSpec><setSpec>uge_abbat_RapidILL_BOOK</setSpec><setSpec>uge_aobs_RapidILL_BOOK</setSpec><setSpec>uge_acar_RapidILL_BOOK</setSpec></header><metadata>
<record xmlns="http://www.loc.gov/MARC21/slim" xmlns:xsi="http://www.w3.org/2001/XMLSchema-instance" xsi:schemaLocation="http://www.loc.gov/MARC21/slim http://www.loc.gov/standards/marcxml/schema/MARC21slim.xsd"><leader>01459nam a2200313 c 4500</leader><controlfield tag="001">991000769679705502</controlfield><controlfield tag="005">20230117180818.0</controlfield><controlfield tag="008">940124s1993    it ||||| |||| 00| ||fre d</controlfield><datafield ind1=" " ind2=" " tag="020"><subfield code="a">8871800834</subfield></datafield><datafield ind1="7" ind2=" " tag="024"><subfield code="a">http://catalogue.bnf.fr/ark:/12148/cb370434407</subfield><subfield code="2">uri</subfield></datafield><datafield ind1=" " ind2=" " tag="035"><subfield code="a">(swissbib)088378640-41slsp_network</subfield></datafield><datafield ind1=" " ind2=" " tag="035"><subfield code="a">088378640</subfield><subfield code="9">ExL</subfield></datafield><datafield ind1=" " ind2=" " tag="035"><subfield code="a">(RERO)1801284-41slsp</subfield></datafield><datafield ind1=" " ind2=" " tag="035"><subfield code="a">(EXLNZ-41SLSP_NETWORK)991029163479705501</subfield></datafield><datafield ind1=" " ind2=" " tag="040"><subfield code="a">RERO labcud</subfield><subfield code="d">CH-ZuSLS</subfield></datafield><datafield ind1=" " ind2="7" tag="072"><subfield code="a">ba</subfield><subfield code="2">rero</subfield></datafield><datafield ind1="0" ind2="0" tag="245"><subfield code="a">Fritz Lang</subfield><subfield code="b">la mise en scène</subfield><subfield code="c">sous la dir. de Bernard Eisenchitz, Paolo Bertetto ; [inventaire du fonds Fritz Lang de la Cinémathèque française: Dominique Brun (manuscrits), Catherine Ficat et Isabelle Delsus (photothèque)]</subfield></datafield><datafield ind1=" " ind2="1" tag="264"><subfield code="a">Torino</subfield><subfield code="b">Lindau</subfield><subfield code="a">[Paris]</subfield><subfield code="b">Cinémathèque française [etc.]</subfield><subfield code="c">1993</subfield></datafield><datafield ind1=" " ind2=" " tag="300"><subfield code="a">503 p.</subfield><subfield code="b">ill.</subfield><subfield code="c">29 cm</subfield></datafield><datafield ind1=" " ind2=" " tag="336"><subfield code="b">txt</subfield><subfield code="2">rdacontent</subfield></datafield><datafield ind1=" " ind2=" " tag="337"><subfield code="b">n</subfield><subfield code="2">rdamedia</subfield></datafield><datafield ind1=" " ind2=" " tag="338"><subfield code="b">nc</subfield><subfield code="2">rdacarrier</subfield></datafield><datafield ind1=" " ind2=" " tag="500"><subfield code="a">L'éd. originale de ce catalogue a été publ. en italien à l'occasion de la manifestation Fritz Lang du Museo nazionale del cinema de Turin, en mars 1993. Cette éd. présente quelques différences avec l'italienne</subfield></datafield><datafield ind1=" " ind2=" " tag="500"><subfield code="a">Exposition. Torino. Museo nazionale del cinema. 1993</subfield></datafield><datafield ind1="1" ind2="7" tag="600"><subfield code="a">Lang, Fritz</subfield><subfield code="d">1890-1976</subfield><subfield code="0">(IDREF)028206002</subfield><subfield code="2">idref</subfield></datafield><datafield ind1=" " ind2="7" tag="655"><subfield code="a">Catalogues d'exposition</subfield><subfield code="0">(IDREF)027320456</subfield><subfield code="2">idref</subfield></datafield><datafield ind1="1" ind2=" " tag="700"><subfield code="a">Eisenschitz, Bernard</subfield><subfield code="0">(RERO)A003212813</subfield></datafield><datafield ind1="1" ind2=" " tag="700"><subfield code="a">Brun, Dominique</subfield><subfield code="0">(RERO)A003050213</subfield></datafield><datafield ind1="0" ind2=" " tag="730"><subfield code="a">Lang</subfield></datafield><datafield ind1=" " ind2=" " tag="900"><subfield code="a">REROnoselfmerge</subfield></datafield></record>
</metadata></record>