<record><header><identifier>oai:alma.41SLSP_UGE:991000770199705502</identifier><datestamp>2023-03-01T01:10:04Z</datestamp><setSpec>uge_bcen_RapidILL_BOOK</setSpec><setSpec>uge_aaca_RapidILL_BOOK</setSpec><setSpec>uge_abels_RapidILL_BOOK</setSpec><setSpec>uge_dbu_RapidILL_BOOK</setSpec><setSpec>uge_cmu_RapidILL_BOOK</setSpec><setSpec>uge_mail_RapidILL_BOOK</setSpec><setSpec>UNIGE_ALL</setSpec><setSpec>uge_abbat_RapidILL_BOOK</setSpec><setSpec>uge_aobs_RapidILL_BOOK</setSpec><setSpec>uge_acar_RapidILL_BOOK</setSpec></header><metadata>
<record xmlns="http://www.loc.gov/MARC21/slim" xmlns:xsi="http://www.w3.org/2001/XMLSchema-instance" xsi:schemaLocation="http://www.loc.gov/MARC21/slim http://www.loc.gov/standards/marcxml/schema/MARC21slim.xsd"><leader>01086nam a2200289 c 4500</leader><controlfield tag="001">991000770199705502</controlfield><controlfield tag="005">20201231102057.0</controlfield><controlfield tag="008">201011s1989    sa ||||| |||| 00| ||afr d</controlfield><datafield ind1=" " ind2=" " tag="020"><subfield code="a">0621126136</subfield></datafield><datafield ind1=" " ind2=" " tag="035"><subfield code="a">(swissbib)230721001-41slsp_network</subfield></datafield><datafield ind1=" " ind2=" " tag="035"><subfield code="a">230721001</subfield><subfield code="9">ExL</subfield></datafield><datafield ind1=" " ind2=" " tag="035"><subfield code="a">(RERO)R008798539-41slsp</subfield></datafield><datafield ind1=" " ind2=" " tag="035"><subfield code="a">(NEBIS)000772333EBI01</subfield></datafield><datafield ind1=" " ind2=" " tag="035"><subfield code="a">(EXLNZ-41SLSP_NETWORK)991027550289705501</subfield></datafield><datafield ind1=" " ind2=" " tag="040"><subfield code="a">RERO geusst</subfield><subfield code="d">CH-ZuSLS</subfield></datafield><datafield ind1=" " ind2="7" tag="072"><subfield code="a">st</subfield><subfield code="2">rero</subfield></datafield><datafield ind1="1" ind2=" " tag="100"><subfield code="a">Groenewald, G.H.</subfield><subfield code="0">(RERO)A027469467</subfield><subfield code="4">cre</subfield></datafield><datafield ind1="1" ind2="0" tag="245"><subfield code="a">Stratigrafie en sedimentologie van die Groep Beaufort in die Noordoos-Vrystaat</subfield><subfield code="c">deur G.H. Groenewald</subfield></datafield><datafield ind1=" " ind2="1" tag="264"><subfield code="a">Pretoria</subfield><subfield code="b">Geological survey</subfield><subfield code="c">1989</subfield></datafield><datafield ind1=" " ind2=" " tag="300"><subfield code="a">62 p.</subfield><subfield code="b">ill.</subfield><subfield code="c">30 cm</subfield><subfield code="e">4 cartes</subfield></datafield><datafield ind1=" " ind2=" " tag="336"><subfield code="b">txt</subfield><subfield code="2">rdacontent</subfield></datafield><datafield ind1=" " ind2=" " tag="337"><subfield code="b">n</subfield><subfield code="2">rdamedia</subfield></datafield><datafield ind1=" " ind2=" " tag="338"><subfield code="b">nc</subfield><subfield code="2">rdacarrier</subfield></datafield><datafield ind1="1" ind2=" " tag="490"><subfield code="a">Bulletin of the Geological survey</subfield><subfield code="v">96</subfield></datafield><datafield ind1=" " ind2=" " tag="504"><subfield code="a">Bibliogr.: p. 42-44</subfield></datafield><datafield ind1=" " ind2=" " tag="830"><subfield code="a">Bulletin</subfield><subfield code="v">96</subfield><subfield code="w">(NEBIS)000498791EBI01</subfield></datafield><datafield ind1=" " ind2=" " tag="830"><subfield code="a">Bulletin of the Geological survey / Geological survey, Department of Mineral and Energy Affairs, Republic of South Africa</subfield><subfield code="v">96</subfield><subfield code="w">(RERO)1609623-41slsp</subfield></datafield><datafield ind1=" " ind2=" " tag="900"><subfield code="a">REROnoselfmerge</subfield></datafield></record>
</metadata></record>