<record><header><identifier>oai:alma.41SLSP_UGE:991000794579705502</identifier><datestamp>2023-03-01T01:10:04Z</datestamp><setSpec>uge_bcen_RapidILL_BOOK</setSpec><setSpec>uge_aaca_RapidILL_BOOK</setSpec><setSpec>uge_abels_RapidILL_BOOK</setSpec><setSpec>uge_dbu_RapidILL_BOOK</setSpec><setSpec>uge_cmu_RapidILL_BOOK</setSpec><setSpec>uge_mail_RapidILL_BOOK</setSpec><setSpec>UNIGE_ALL</setSpec><setSpec>uge_abbat_RapidILL_BOOK</setSpec><setSpec>uge_aobs_RapidILL_BOOK</setSpec><setSpec>uge_acar_RapidILL_BOOK</setSpec></header><metadata>
<record xmlns="http://www.loc.gov/MARC21/slim" xmlns:xsi="http://www.w3.org/2001/XMLSchema-instance" xsi:schemaLocation="http://www.loc.gov/MARC21/slim http://www.loc.gov/standards/marcxml/schema/MARC21slim.xsd"><leader>01536nam a2200325 c 4500</leader><controlfield tag="001">991000794579705502</controlfield><controlfield tag="005">20220822180902.0</controlfield><controlfield tag="008">201012m19741980it ||||| |||| 00| ||ita d</controlfield><datafield ind1=" " ind2=" " tag="035"><subfield code="a">(swissbib)237787725-41slsp_network</subfield></datafield><datafield ind1=" " ind2=" " tag="035"><subfield code="a">237787725</subfield><subfield code="9">ExL</subfield></datafield><datafield ind1=" " ind2=" " tag="035"><subfield code="a">(RERO)0367493-41slsp</subfield></datafield><datafield ind1=" " ind2=" " tag="035"><subfield code="a">(NEBIS)009470855EBI01</subfield></datafield><datafield ind1=" " ind2=" " tag="035"><subfield code="a">(EXLNZ-41SLSP_NETWORK)991017236959705501</subfield></datafield><datafield ind1=" " ind2=" " tag="040"><subfield code="a">RERO</subfield><subfield code="d">CH-ZuSLS</subfield></datafield><datafield ind1=" " ind2="7" tag="072"><subfield code="a">hs</subfield><subfield code="2">rero</subfield></datafield><datafield ind1="1" ind2=" " tag="100"><subfield code="a">Attianese, Pasquale</subfield><subfield code="d">1946-...</subfield><subfield code="0">(IDREF)076134687</subfield><subfield code="4">cre</subfield></datafield><datafield ind1="1" ind2="0" tag="245"><subfield code="a">Calabria greca</subfield><subfield code="b">greek coins of Calabria</subfield><subfield code="c">Pasquale Attianese</subfield></datafield><datafield ind1=" " ind2="1" tag="264"><subfield code="a">Santa Severina</subfield><subfield code="b">De Luca</subfield><subfield code="c">1974-1980</subfield></datafield><datafield ind1=" " ind2=" " tag="300"><subfield code="a">3 vol.</subfield><subfield code="b">ill.</subfield><subfield code="c">24 cm</subfield></datafield><datafield ind1=" " ind2=" " tag="336"><subfield code="b">txt</subfield><subfield code="2">rdacontent</subfield></datafield><datafield ind1=" " ind2=" " tag="337"><subfield code="b">n</subfield><subfield code="2">rdamedia</subfield></datafield><datafield ind1=" " ind2=" " tag="338"><subfield code="b">nc</subfield><subfield code="2">rdacarrier</subfield></datafield><datafield ind1="1" ind2=" " tag="490"><subfield code="a">Collana Populorum numismata omnia</subfield></datafield><datafield ind1="0" ind2="0" tag="505"><subfield code="g">Vol. 1:</subfield><subfield code="t">Brettion, Kaulonia, Cosentia, Kroton, Medma, Noyceria, Pandosia, Petelia, Skyllation, Temsa, Terina. - 1974. - 398 p</subfield></datafield><datafield ind1="0" ind2="0" tag="505"><subfield code="g">Vol. 2:</subfield><subfield code="t">Aminea, Hipponion, Valentia, Laos, Lokron, Kasarium, Mystia ed Hyporon, Ser... o Mer..., Peripolium, Sybaris, Siris, Thurium. - 1977. - 439 p</subfield></datafield><datafield ind1="0" ind2="0" tag="505"><subfield code="g">Vol. 3:</subfield><subfield code="t">Thurium (II parte), Copia, Rhegium : aggiornamento con ulteriori monete inedite : pondometria monetale e studi archeo-numismatici delle Zecche Calabre : grafici ubicazione Zecche e zone ritrovamenti. - 1980. - 548 p</subfield></datafield><datafield ind1=" " ind2="7" tag="650"><subfield code="a">monnaies grecques antiques - atelier</subfield><subfield code="0">(RERO)A010118833</subfield><subfield code="2">rerovoc</subfield></datafield><datafield ind1=" " ind2="7" tag="651"><subfield code="a">Calabre (Italie)</subfield><subfield code="0">(IDREF)027377660</subfield><subfield code="2">idref</subfield></datafield><datafield ind1=" " ind2=" " tag="830"><subfield code="a">Populorum Numismata Omnia</subfield><subfield code="w">(RERO)0367494-41slsp</subfield></datafield><datafield ind1=" " ind2=" " tag="900"><subfield code="a">REROnoselfmerge</subfield></datafield><datafield ind1=" " ind2=" " tag="900"><subfield code="f">IDSU2medea</subfield></datafield></record>
</metadata></record>