<record><header><identifier>oai:alma.41SLSP_UGE:991000769689705502</identifier><datestamp>2023-04-11T00:12:47Z</datestamp><setSpec>uge_bcen_RapidILL_BOOK</setSpec><setSpec>uge_aaca_RapidILL_BOOK</setSpec><setSpec>uge_abels_RapidILL_BOOK</setSpec><setSpec>uge_dbu_RapidILL_BOOK</setSpec><setSpec>uge_cmu_RapidILL_BOOK</setSpec><setSpec>uge_mail_RapidILL_BOOK</setSpec><setSpec>uge_abbat_RapidILL_BOOK</setSpec><setSpec>UNIGE_ALL</setSpec><setSpec>uge_aobs_RapidILL_BOOK</setSpec><setSpec>uge_acar_RapidILL_BOOK</setSpec></header><metadata>
<record xmlns="http://www.loc.gov/MARC21/slim" xmlns:xsi="http://www.w3.org/2001/XMLSchema-instance" xsi:schemaLocation="http://www.loc.gov/MARC21/slim http://www.loc.gov/standards/marcxml/schema/MARC21slim.xsd"><leader>01464nam a2200421 c 4500</leader><controlfield tag="001">991000769689705502</controlfield><controlfield tag="005">20230410193121.0</controlfield><controlfield tag="008">190213s2007    xxu||||| |||| 00| ||eng d</controlfield><datafield ind1=" " ind2=" " tag="020"><subfield code="a">9780393705171</subfield></datafield><datafield ind1=" " ind2=" " tag="035"><subfield code="a">(swissbib)125471440-41slsp_network</subfield></datafield><datafield ind1=" " ind2=" " tag="035"><subfield code="a">125471440</subfield><subfield code="9">ExL</subfield></datafield><datafield ind1=" " ind2=" " tag="035"><subfield code="a">(RERO)R008895946-41slsp</subfield></datafield><datafield ind1=" " ind2=" " tag="035"><subfield code="a">(EXLNZ-41SLSP_NETWORK)991100934529705501</subfield></datafield><datafield ind1=" " ind2=" " tag="040"><subfield code="a">L2U</subfield><subfield code="b">dut</subfield><subfield code="e">fobidrtb</subfield><subfield code="d">CH-ZuSLS</subfield></datafield><datafield ind1=" " ind2="0" tag="050"><subfield code="a">RJ486.5</subfield><subfield code="b">.T76 2007</subfield></datafield><datafield ind1="1" ind2="4" tag="060"><subfield code="a">2007 I-835</subfield></datafield><datafield ind1="1" ind2="4" tag="060"><subfield code="a">WS 350</subfield><subfield code="b">T853n 2007</subfield></datafield><datafield ind1=" " ind2="7" tag="072"><subfield code="a">ps</subfield><subfield code="2">rero</subfield></datafield><datafield ind1="0" ind2="4" tag="082"><subfield code="a">618.92/8</subfield><subfield code="2">22</subfield></datafield><datafield ind1="1" ind2=" " tag="100"><subfield code="a">Tronick, Ed</subfield><subfield code="4">cre</subfield></datafield><datafield ind1="1" ind2="0" tag="245"><subfield code="a">&lt;&lt;The&gt;&gt; neurobehavioral and social-emotional development of infants and children</subfield><subfield code="c">Ed Tronick</subfield></datafield><datafield ind1=" " ind2="1" tag="264"><subfield code="a">New York, NY</subfield><subfield code="b">Norton</subfield><subfield code="c">2007</subfield></datafield><datafield ind1=" " ind2=" " tag="300"><subfield code="a">XII, 571 p.</subfield><subfield code="b">ill</subfield><subfield code="e">CD-Rom</subfield></datafield><datafield ind1=" " ind2=" " tag="336"><subfield code="b">txt</subfield><subfield code="2">rdacontent</subfield></datafield><datafield ind1=" " ind2=" " tag="337"><subfield code="b">n</subfield><subfield code="2">rdamedia</subfield></datafield><datafield ind1=" " ind2=" " tag="338"><subfield code="b">nc</subfield><subfield code="2">rdacarrier</subfield></datafield><datafield ind1=" " ind2=" " tag="500"><subfield code="a">A Norton professional book</subfield></datafield><datafield ind1=" " ind2=" " tag="504"><subfield code="a">Met lit. opg. en index</subfield></datafield><datafield ind1=" " ind2="0" tag="650"><subfield code="a">Biological child psychiatry</subfield></datafield><datafield ind1=" " ind2="0" tag="650"><subfield code="a">Child psychology</subfield></datafield><datafield ind1=" " ind2="0" tag="650"><subfield code="a">Pediatric neuropsychology</subfield></datafield><datafield ind1=" " ind2="7" tag="650"><subfield code="a">Neuropsychologie</subfield><subfield code="0">(IDREF)027241041</subfield><subfield code="2">idref</subfield></datafield><datafield ind1=" " ind2="7" tag="650"><subfield code="a">Enfants</subfield><subfield code="0">(IDREF)027233278</subfield><subfield code="2">idref</subfield></datafield><datafield ind1=" " ind2="7" tag="650"><subfield code="a">Psychiatrie biologique</subfield><subfield code="0">(IDREF)029667399</subfield><subfield code="2">idref</subfield></datafield><datafield ind1=" " ind2="7" tag="650"><subfield code="a">Pédiatrie</subfield><subfield code="0">(IDREF)027246175</subfield><subfield code="2">idref</subfield></datafield><datafield ind1=" " ind2="7" tag="650"><subfield code="a">Psychologie</subfield><subfield code="0">(IDREF)027346900</subfield><subfield code="2">idref</subfield></datafield><datafield ind1=" " ind2="7" tag="650"><subfield code="a">Psychologie du développement</subfield><subfield code="0">(IDREF)027241637</subfield><subfield code="2">idref</subfield></datafield><datafield ind1=" " ind2=" " tag="900"><subfield code="a">REROnoselfmerge</subfield></datafield><datafield ind1=" " ind2=" " tag="910"><subfield code="a">OCoLC</subfield><subfield code="b">20190213</subfield><subfield code="c">Réutilisation sous conditions: Licence ODC-BY</subfield></datafield></record>
</metadata></record>