<record><header><identifier>oai:alma.41SLSP_UGE:991000769999705502</identifier><datestamp>2023-03-01T01:10:04Z</datestamp><setSpec>uge_bcen_RapidILL_BOOK</setSpec><setSpec>uge_aaca_RapidILL_BOOK</setSpec><setSpec>uge_abels_RapidILL_BOOK</setSpec><setSpec>uge_dbu_RapidILL_BOOK</setSpec><setSpec>uge_cmu_RapidILL_BOOK</setSpec><setSpec>uge_mail_RapidILL_BOOK</setSpec><setSpec>UNIGE_ALL</setSpec><setSpec>uge_abbat_RapidILL_BOOK</setSpec><setSpec>uge_aobs_RapidILL_BOOK</setSpec><setSpec>uge_acar_RapidILL_BOOK</setSpec></header><metadata>
<record xmlns="http://www.loc.gov/MARC21/slim" xmlns:xsi="http://www.w3.org/2001/XMLSchema-instance" xsi:schemaLocation="http://www.loc.gov/MARC21/slim http://www.loc.gov/standards/marcxml/schema/MARC21slim.xsd"><leader>03301nam a2200445 c 4500</leader><controlfield tag="001">991000769999705502</controlfield><controlfield tag="005">20230116184758.0</controlfield><controlfield tag="008">130830s1992    ru ||||| |||| 10| ||rus d</controlfield><datafield ind1=" " ind2=" " tag="020"><subfield code="a">5010036711</subfield></datafield><datafield ind1=" " ind2=" " tag="020"><subfield code="a">9785010036713</subfield></datafield><datafield ind1=" " ind2=" " tag="035"><subfield code="a">(swissbib)118015362-41slsp_network</subfield></datafield><datafield ind1=" " ind2=" " tag="035"><subfield code="a">118015362</subfield><subfield code="9">ExL</subfield></datafield><datafield ind1=" " ind2=" " tag="035"><subfield code="a">(RERO)R007461733-41slsp</subfield></datafield><datafield ind1=" " ind2=" " tag="035"><subfield code="a">(EXLNZ-41SLSP_NETWORK)991018368109705501</subfield></datafield><datafield ind1=" " ind2=" " tag="040"><subfield code="a">DLC</subfield><subfield code="d">CH-ZuSLS</subfield></datafield><datafield ind1="0" ind2=" " tag="041"><subfield code="a">rus</subfield><subfield code="a">eng</subfield><subfield code="a">fre</subfield></datafield><datafield ind1=" " ind2="7" tag="072"><subfield code="a">lg</subfield><subfield code="2">rero</subfield></datafield><datafield ind1="0" ind2="0" tag="245"><subfield code="6">880-01</subfield><subfield code="a">Literatura i perevod</subfield><subfield code="b">problemy teorii : mezhdunarodnai︠a︡ vstrecha uchenykh i pisateleĭ, Moskva, 27 fevrali︠a︡-1 marta 1991 g.</subfield><subfield code="c">[sostaviteli P. M. Toper, V. Kh. Ganiev]</subfield></datafield><datafield ind1="0" ind2="0" tag="880"><subfield code="6">245-01/(N</subfield><subfield code="a">Литература и перевод</subfield><subfield code="b">проблемы теории : международнайа встреча ученыцх и писателей ; Москва, 27 февралйа - 1 марта 1991 г.</subfield><subfield code="c">[составители П. М. Топер, В. Х. Ганиев]</subfield></datafield><datafield ind1=" " ind2="1" tag="264"><subfield code="6">880-02</subfield><subfield code="a">Moskva</subfield><subfield code="b">Izdatelʹskai︠a︡ gruppa &quot;Progress&quot;</subfield><subfield code="b">&quot;Litera&quot;</subfield><subfield code="c">1992</subfield></datafield><datafield ind1=" " ind2="1" tag="880"><subfield code="6">264-02/(N</subfield><subfield code="a">Москва</subfield><subfield code="b">Издательская группа &quot;Прогресс&quot;</subfield><subfield code="b">&quot;Литера&quot;</subfield><subfield code="c">1992</subfield></datafield><datafield ind1=" " ind2=" " tag="300"><subfield code="a">395 p.</subfield><subfield code="c">20 cm</subfield></datafield><datafield ind1=" " ind2=" " tag="336"><subfield code="b">txt</subfield><subfield code="2">rdacontent</subfield></datafield><datafield ind1=" " ind2=" " tag="337"><subfield code="b">n</subfield><subfield code="2">rdamedia</subfield></datafield><datafield ind1=" " ind2=" " tag="338"><subfield code="b">nc</subfield><subfield code="2">rdacarrier</subfield></datafield><datafield ind1=" " ind2=" " tag="500"><subfield code="a">Russian, English, and French</subfield></datafield><datafield ind1=" " ind2=" " tag="504"><subfield code="a">Includes bibliographical references</subfield></datafield><datafield ind1=" " ind2=" " tag="530"><subfield code="a">Also issued online</subfield></datafield><datafield ind1=" " ind2="0" tag="650"><subfield code="a">Translating and interpreting</subfield><subfield code="v">Congresses</subfield></datafield><datafield ind1=" " ind2="7" tag="650"><subfield code="a">Traduction</subfield><subfield code="0">(IDREF)027254275</subfield><subfield code="2">idref</subfield></datafield><datafield ind1=" " ind2="7" tag="650"><subfield code="a">Littérature</subfield><subfield code="0">(IDREF)027328570</subfield><subfield code="2">idref</subfield></datafield><datafield ind1=" " ind2="7" tag="655"><subfield code="a">Actes de congrès</subfield><subfield code="0">(IDREF)02886431X</subfield><subfield code="2">idref</subfield></datafield><datafield ind1="1" ind2=" " tag="700"><subfield code="6">880-03</subfield><subfield code="a">Ganiev, V. Kh</subfield><subfield code="0">(RERO)A023642008</subfield></datafield><datafield ind1="1" ind2=" " tag="880"><subfield code="6">700-03/(N</subfield><subfield code="a">Ганиев, В. Х</subfield></datafield><datafield ind1="1" ind2=" " tag="700"><subfield code="6">880-04</subfield><subfield code="a">Toper, Pavel Maksimovich</subfield><subfield code="0">(RERO)A023642009</subfield></datafield><datafield ind1="1" ind2=" " tag="880"><subfield code="6">700-04/(N</subfield><subfield code="a">Топер, Павел Максимович</subfield></datafield><datafield ind1="2" ind2=" " tag="710"><subfield code="a">Fédération internationale des traducteurs</subfield><subfield code="0">(RERO)A000067788</subfield></datafield><datafield ind1="2" ind2=" " tag="711"><subfield code="a">International Meeting &quot;Literature and Translation Problems of Theory&quot;</subfield><subfield code="n">1</subfield><subfield code="d">1991</subfield><subfield code="c">Moskva</subfield><subfield code="0">(RERO)A023647757</subfield></datafield><datafield ind1="0" ind2=" " tag="776"><subfield code="t">Literatura i perevod problemy teorii</subfield></datafield><datafield ind1=" " ind2=" " tag="900"><subfield code="a">REROnoselfmerge</subfield></datafield><datafield ind1=" " ind2=" " tag="910"><subfield code="a">OCoLC</subfield><subfield code="b">20130830</subfield><subfield code="c">Droits réservés</subfield></datafield></record>
</metadata></record>