<record><header><identifier>oai:alma.41SLSP_UGE:991000794999705502</identifier><datestamp>2024-03-20T02:59:04Z</datestamp><setSpec>uge_bcen_RapidILL_BOOK</setSpec><setSpec>uge_aaca_RapidILL_BOOK</setSpec><setSpec>uge_abels_RapidILL_BOOK</setSpec><setSpec>uge_dbu_RapidILL_BOOK</setSpec><setSpec>uge_cmu_RapidILL_BOOK</setSpec><setSpec>uge_mail_RapidILL_BOOK</setSpec><setSpec>uge_abbat_RapidILL_BOOK</setSpec><setSpec>UNIGE_ALL</setSpec><setSpec>uge_aobs_RapidILL_BOOK</setSpec><setSpec>uge_acar_RapidILL_BOOK</setSpec></header><metadata>
<record xmlns="http://www.loc.gov/MARC21/slim" xmlns:xsi="http://www.w3.org/2001/XMLSchema-instance" xsi:schemaLocation="http://www.loc.gov/MARC21/slim http://www.loc.gov/standards/marcxml/schema/MARC21slim.xsd"><leader>02797nam a2200769 ca4500</leader><controlfield tag="001">991000794999705502</controlfield><controlfield tag="005">20240319213854.0</controlfield><controlfield tag="008">201011m19901992gw ||||| |||| 00| ||ger d</controlfield><datafield ind1=" " ind2=" " tag="015"><subfield code="a">91,N27,0489</subfield></datafield><datafield ind1=" " ind2=" " tag="019"><subfield code="a">Übergeordnete Aufnahme = Niveau supérieur = Livello superiore</subfield><subfield code="5">SLSP/2020</subfield></datafield><datafield ind1=" " ind2=" " tag="020"><subfield code="a">3805310064</subfield><subfield code="q">Bd. 1</subfield></datafield><datafield ind1="7" ind2=" " tag="024"><subfield code="a">http://catalogue.bnf.fr/ark:/12148/cb35548961c</subfield><subfield code="2">uri</subfield></datafield><datafield ind1=" " ind2=" " tag="035"><subfield code="a">(swissbib)22758113X-41slsp_network</subfield></datafield><datafield ind1=" " ind2=" " tag="035"><subfield code="a">22758113X</subfield><subfield code="9">ExL</subfield></datafield><datafield ind1=" " ind2=" " tag="035"><subfield code="a">(RERO)1347467-41slsp</subfield></datafield><datafield ind1=" " ind2=" " tag="035"><subfield code="a">(NEBIS)000593817EBI01</subfield></datafield><datafield ind1=" " ind2=" " tag="035"><subfield code="a">(IDSBB)000638359DSV01</subfield></datafield><datafield ind1=" " ind2=" " tag="035"><subfield code="a">(EXLNZ-41SLSP_NETWORK)991091368169705501</subfield></datafield><datafield ind1=" " ind2=" " tag="040"><subfield code="a">RERO geulsa</subfield><subfield code="d">CH-ZuSLS</subfield></datafield><datafield ind1=" " ind2="7" tag="072"><subfield code="a">ar</subfield><subfield code="2">rero</subfield></datafield><datafield ind1=" " ind2="7" tag="072"><subfield code="a">ha</subfield><subfield code="2">rero</subfield></datafield><datafield ind1=" " ind2="7" tag="072"><subfield code="a">sp</subfield><subfield code="2">SzZuIDS BS/BE</subfield></datafield><datafield ind1=" " ind2="7" tag="072"><subfield code="a">aw</subfield><subfield code="2">SzZuIDS BS/BE</subfield></datafield><datafield ind1="0" ind2="0" tag="082"><subfield code="a">357/.1/0937</subfield><subfield code="2">20</subfield></datafield><datafield ind1="0" ind2="4" tag="082"><subfield code="a">937</subfield></datafield><datafield ind1="1" ind2="4" tag="082"><subfield code="a">930</subfield><subfield code="2">15</subfield></datafield><datafield ind1="1" ind2=" " tag="100"><subfield code="a">Junkelmann, Marcus</subfield><subfield code="d">1949-</subfield><subfield code="0">(DE-588)115772804</subfield><subfield code="6">880-01</subfield></datafield><datafield ind1="1" ind2=" " tag="880"><subfield code="6">100-01</subfield><subfield code="a">Junkelmann, Marcus</subfield><subfield code="d">1949-....</subfield><subfield code="0">(IDREF)028541162</subfield><subfield code="4">cre</subfield></datafield><datafield ind1="1" ind2="0" tag="245"><subfield code="a">&lt;&lt;Die&gt;&gt; Reiter Roms</subfield><subfield code="c">Marcus Junkelmann</subfield></datafield><datafield ind1=" " ind2="1" tag="264"><subfield code="a">Mainz am Rhein</subfield><subfield code="b">P. von Zabern</subfield><subfield code="c">[1990-1992]</subfield></datafield><datafield ind1=" " ind2="4" tag="264"><subfield code="c">© 1990-1992</subfield></datafield><datafield ind1=" " ind2=" " tag="300"><subfield code="a">3 Bde.</subfield><subfield code="b">Ill.</subfield><subfield code="c">25 cm</subfield></datafield><datafield ind1=" " ind2=" " tag="336"><subfield code="b">txt</subfield><subfield code="2">rdacontent</subfield></datafield><datafield ind1=" " ind2=" " tag="337"><subfield code="b">n</subfield><subfield code="2">rdamedia</subfield></datafield><datafield ind1=" " ind2=" " tag="338"><subfield code="b">nc</subfield><subfield code="2">rdacarrier</subfield></datafield><datafield ind1="0" ind2=" " tag="490"><subfield code="a">Kulturgeschichte der Antiken Welt</subfield></datafield><datafield ind1=" " ind2="7" tag="650"><subfield code="a">Cavaliers</subfield><subfield code="0">(IDREF)027567850</subfield><subfield code="2">idref</subfield></datafield><datafield ind1=" " ind2="7" tag="650"><subfield code="a">Kavallerie</subfield><subfield code="2">idszbz</subfield></datafield><datafield ind1=" " ind2="7" tag="650"><subfield code="a">Pferd</subfield><subfield code="2">idszbz</subfield></datafield><datafield ind1=" " ind2="7" tag="650"><subfield code="a">Pferdesport</subfield><subfield code="2">idszbz</subfield></datafield><datafield ind1=" " ind2="7" tag="650"><subfield code="a">Reiter</subfield><subfield code="2">idszbz</subfield></datafield><datafield ind1=" " ind2="7" tag="650"><subfield code="a">Tierhaltung</subfield><subfield code="2">idszbz</subfield></datafield><datafield ind1=" " ind2="7" tag="650"><subfield code="a">Archäologie</subfield><subfield code="0">(DE-588)4002827-6</subfield><subfield code="2">gnd</subfield></datafield><datafield ind1=" " ind2="7" tag="650"><subfield code="a">Experiment</subfield><subfield code="0">(DE-588)4015999-1</subfield><subfield code="2">gnd</subfield></datafield><datafield ind1=" " ind2="7" tag="650"><subfield code="a">Kavallerie</subfield><subfield code="0">(DE-588)4030113-8</subfield><subfield code="2">gnd</subfield></datafield><datafield ind1=" " ind2="7" tag="650"><subfield code="a">Pferd</subfield><subfield code="0">(DE-588)4045503-8</subfield><subfield code="2">gnd</subfield></datafield><datafield ind1=" " ind2="7" tag="650"><subfield code="a">Reiten</subfield><subfield code="0">(DE-588)4049319-2</subfield><subfield code="2">gnd</subfield></datafield><datafield ind1=" " ind2="7" tag="650"><subfield code="a">Reiter</subfield><subfield code="0">(DE-588)4177628-8</subfield><subfield code="2">gnd</subfield></datafield><datafield ind1=" " ind2="0" tag="650"><subfield code="a">Equestrian order (Rome)</subfield></datafield><datafield ind1=" " ind2="0" tag="650"><subfield code="a">Horsemanship</subfield></datafield><datafield ind1=" " ind2="0" tag="650"><subfield code="a">Horsemanship</subfield><subfield code="z">Rome</subfield></datafield><datafield ind1=" " ind2="0" tag="650"><subfield code="a">Horses in art</subfield></datafield><datafield ind1=" " ind2="0" tag="650"><subfield code="a">Horses</subfield><subfield code="z">Rome</subfield></datafield><datafield ind1=" " ind2="0" tag="650"><subfield code="a">Sculpture, Roman</subfield></datafield><datafield ind1=" " ind2="7" tag="650"><subfield code="a">ITALIA. ROMA, ANTIKES ROM UND ANTIKES ITALIEN (ORTE DES ALTERTUMS)</subfield><subfield code="9">ger</subfield><subfield code="0">(ETHUDK)000001539</subfield><subfield code="2">ethudk</subfield></datafield><datafield ind1=" " ind2="7" tag="650"><subfield code="a">KAVALLERIE, BERITTENE TRUPPEN</subfield><subfield code="9">ger</subfield><subfield code="0">(ETHUDK)000011875</subfield><subfield code="2">ethudk</subfield></datafield><datafield ind1=" " ind2="7" tag="650"><subfield code="a">KLASSISCHE ANTIKE, GRIECHEN UND RÖMER (KULTURGESCHICHTE)</subfield><subfield code="9">ger</subfield><subfield code="0">(ETHUDK)000046458</subfield><subfield code="2">ethudk</subfield></datafield><datafield ind1=" " ind2="7" tag="650"><subfield code="a">PFERDE + PFERDEZUCHT + PFERDEHALTUNG</subfield><subfield code="9">ger</subfield><subfield code="0">(ETHUDK)000031771</subfield><subfield code="2">ethudk</subfield></datafield><datafield ind1=" " ind2="7" tag="650"><subfield code="a">REITSPORT + REITKUNST (PFERDESPORT)</subfield><subfield code="9">ger</subfield><subfield code="0">(ETHUDK)000036148</subfield><subfield code="2">ethudk</subfield></datafield><datafield ind1=" " ind2="7" tag="650"><subfield code="a">Pferd</subfield><subfield code="z">Römer</subfield><subfield code="2">idsbb</subfield></datafield><datafield ind1=" " ind2="7" tag="650"><subfield code="a">Reiter</subfield><subfield code="z">Römer</subfield><subfield code="2">idsbb</subfield></datafield><datafield ind1=" " ind2="7" tag="650"><subfield code="a">Reiten</subfield><subfield code="z">Römer</subfield><subfield code="2">idsbb</subfield></datafield><datafield ind1=" " ind2="7" tag="651"><subfield code="a">Rome</subfield><subfield code="0">(IDREF)027243001</subfield><subfield code="2">idref</subfield></datafield><datafield ind1=" " ind2="7" tag="651"><subfield code="a">Römisches Reich</subfield><subfield code="2">idszbz</subfield></datafield><datafield ind1=" " ind2="7" tag="651"><subfield code="a">Römisches Reich</subfield><subfield code="0">(DE-588)4076778-4</subfield><subfield code="2">gnd</subfield></datafield><datafield ind1=" " ind2="0" tag="651"><subfield code="a">Rome</subfield><subfield code="x">Army</subfield><subfield code="x">Cavalry</subfield></datafield><datafield ind1=" " ind2=" " tag="900"><subfield code="a">REROnoselfmerge</subfield></datafield><datafield ind1=" " ind2=" " tag="900"><subfield code="f">IDSU2medea</subfield></datafield></record>
</metadata></record>