<record><header><identifier>oai:alma.41SLSP_UGE:991000794269705502</identifier><datestamp>2023-03-01T01:10:04Z</datestamp><setSpec>uge_bcen_RapidILL_BOOK</setSpec><setSpec>uge_aaca_RapidILL_BOOK</setSpec><setSpec>uge_abels_RapidILL_BOOK</setSpec><setSpec>uge_dbu_RapidILL_BOOK</setSpec><setSpec>uge_cmu_RapidILL_BOOK</setSpec><setSpec>uge_mail_RapidILL_BOOK</setSpec><setSpec>UNIGE_ALL</setSpec><setSpec>uge_abbat_RapidILL_BOOK</setSpec><setSpec>uge_aobs_RapidILL_BOOK</setSpec><setSpec>uge_acar_RapidILL_BOOK</setSpec></header><metadata>
<record xmlns="http://www.loc.gov/MARC21/slim" xmlns:xsi="http://www.w3.org/2001/XMLSchema-instance" xsi:schemaLocation="http://www.loc.gov/MARC21/slim http://www.loc.gov/standards/marcxml/schema/MARC21slim.xsd"><leader>01187naa a2200277 c 4500</leader><controlfield tag="001">991000794269705502</controlfield><controlfield tag="005">20211018204319.0</controlfield><controlfield tag="008">071214s2007    xxu||||| |||| 00| ||eng d</controlfield><datafield ind1=" " ind2=" " tag="035"><subfield code="a">(swissbib)106220624-41slsp_network</subfield></datafield><datafield ind1=" " ind2=" " tag="035"><subfield code="a">106220624</subfield><subfield code="9">ExL</subfield></datafield><datafield ind1=" " ind2=" " tag="035"><subfield code="a">(RERO)R004618929-41slsp</subfield></datafield><datafield ind1=" " ind2=" " tag="035"><subfield code="a">(EXLNZ-41SLSP_NETWORK)991034799369705501</subfield></datafield><datafield ind1=" " ind2=" " tag="040"><subfield code="a">RERO geussc</subfield><subfield code="d">CH-ZuSLS</subfield></datafield><datafield ind1=" " ind2="7" tag="072"><subfield code="a">ch</subfield><subfield code="2">rero</subfield></datafield><datafield ind1="0" ind2="0" tag="245"><subfield code="a">Tuneable intramolecular intermetallic interactions as a new tool for programming linear heterometallic 4f-4f complexes</subfield><subfield code="c">Natalia Dalla-Favera ... [et al.]</subfield></datafield><datafield ind1=" " ind2=" " tag="336"><subfield code="b">txt</subfield><subfield code="2">rdacontent</subfield></datafield><datafield ind1=" " ind2=" " tag="337"><subfield code="b">n</subfield><subfield code="2">rdamedia</subfield></datafield><datafield ind1=" " ind2=" " tag="338"><subfield code="b">nc</subfield><subfield code="2">rdacarrier</subfield></datafield><datafield ind1=" " ind2=" " tag="508"><subfield code="a">Autres auteurs: Josef Hamáček, Michal Borkovec, Damien Jeannerat, Gianfranco Ercolani et Claude Piguet</subfield></datafield><datafield ind1=" " ind2=" " tag="580"><subfield code="a">In: Inorganic chemistry. - Washington D.C. - Vol. 46(2007), no. 22, p. 9312-9322</subfield></datafield><datafield ind1="1" ind2=" " tag="700"><subfield code="a">Dalla Favera, Natalia</subfield><subfield code="0">(RERO)A012027077</subfield></datafield><datafield ind1="1" ind2=" " tag="700"><subfield code="a">Hamacek, Josef</subfield><subfield code="d">19..-...</subfield><subfield code="0">(IDREF)19155006X</subfield></datafield><datafield ind1="1" ind2=" " tag="700"><subfield code="a">Borkovec, Michal</subfield><subfield code="d">19..-....</subfield><subfield code="0">(IDREF)25133984X</subfield></datafield><datafield ind1="1" ind2=" " tag="700"><subfield code="a">Jeannerat, Damien</subfield><subfield code="0">(RERO)A003422736</subfield></datafield><datafield ind1="1" ind2=" " tag="700"><subfield code="a">Piguet, Claude</subfield><subfield code="0">(IDREF)157241165</subfield></datafield><datafield ind1="0" ind2=" " tag="773"><subfield code="t">Inorganic chemistry. American Chemical Society</subfield><subfield code="g">2007/09312</subfield><subfield code="g">yr:2007</subfield></datafield><datafield ind1=" " ind2=" " tag="900"><subfield code="a">REROnoselfmerge</subfield></datafield></record>
</metadata></record>