<record><header><identifier>oai:alma.41SLSP_UGE:991000770189705502</identifier><datestamp>2023-05-03T00:29:41Z</datestamp><setSpec>uge_bcen_RapidILL_BOOK</setSpec><setSpec>uge_aaca_RapidILL_BOOK</setSpec><setSpec>uge_abels_RapidILL_BOOK</setSpec><setSpec>uge_dbu_RapidILL_BOOK</setSpec><setSpec>uge_cmu_RapidILL_BOOK</setSpec><setSpec>uge_mail_RapidILL_BOOK</setSpec><setSpec>uge_abbat_RapidILL_BOOK</setSpec><setSpec>UNIGE_ALL</setSpec><setSpec>uge_acar_RapidILL_BOOK</setSpec><setSpec>uge_aobs_RapidILL_BOOK</setSpec></header><metadata>
<record xmlns="http://www.loc.gov/MARC21/slim" xmlns:xsi="http://www.w3.org/2001/XMLSchema-instance" xsi:schemaLocation="http://www.loc.gov/MARC21/slim http://www.loc.gov/standards/marcxml/schema/MARC21slim.xsd"><leader>02741nam a2200709 c 4500</leader><controlfield tag="001">991000770189705502</controlfield><controlfield tag="005">20230502194301.0</controlfield><controlfield tag="008">201011t19911991vc ||||| |||| 00| ||ger d</controlfield><datafield ind1=" " ind2=" " tag="035"><subfield code="a">(swissbib)227610903-41slsp_network</subfield></datafield><datafield ind1=" " ind2=" " tag="035"><subfield code="a">227610903</subfield><subfield code="9">ExL</subfield></datafield><datafield ind1=" " ind2=" " tag="035"><subfield code="a">(RERO)1452198-41slsp</subfield></datafield><datafield ind1=" " ind2=" " tag="035"><subfield code="a">(NEBIS)001183029EBI01</subfield></datafield><datafield ind1=" " ind2=" " tag="035"><subfield code="a">(IDSBB)000734258DSV01</subfield></datafield><datafield ind1=" " ind2=" " tag="035"><subfield code="a">(EXLNZ-41SLSP_NETWORK)991064012289705501</subfield></datafield><datafield ind1=" " ind2=" " tag="040"><subfield code="a">RERO gevbaa</subfield><subfield code="b">ger</subfield><subfield code="d">CH-ZuSLS</subfield><subfield code="e">rda</subfield></datafield><datafield ind1="0" ind2=" " tag="041"><subfield code="a">ger</subfield></datafield><datafield ind1=" " ind2="7" tag="072"><subfield code="a">ba</subfield><subfield code="2">rero</subfield></datafield><datafield ind1=" " ind2="7" tag="072"><subfield code="a">ar</subfield><subfield code="2">rero</subfield></datafield><datafield ind1=" " ind2="7" tag="072"><subfield code="a">kh</subfield><subfield code="2">SzZuIDS BS/BE</subfield></datafield><datafield ind1="0" ind2="4" tag="082"><subfield code="a">246</subfield></datafield><datafield ind1="0" ind2="4" tag="082"><subfield code="a">734.22</subfield></datafield><datafield ind1="1" ind2=" " tag="100"><subfield code="6">880-01</subfield><subfield code="a">Dresken-Weiland, Jutta</subfield><subfield code="d">1963-</subfield><subfield code="0">(DE-588)11802342X</subfield></datafield><datafield ind1="1" ind2=" " tag="880"><subfield code="6">100-01</subfield><subfield code="a">Dresken-Weiland, Jutta</subfield><subfield code="0">(IDREF)031997325</subfield><subfield code="4">cre</subfield></datafield><datafield ind1="1" ind2="0" tag="245"><subfield code="a">Reliefierte Tischplatten aus Theodosianischer Zeit</subfield><subfield code="c">Jutta Dresken-Weiland</subfield></datafield><datafield ind1=" " ind2="1" tag="264"><subfield code="a">Città del Vaticano</subfield><subfield code="b">Pontificio istituto di archeologia cristiana</subfield><subfield code="c">1991</subfield></datafield><datafield ind1=" " ind2=" " tag="300"><subfield code="a">XVIII, 364 Seiten, 112 Tafeln</subfield><subfield code="b">Illustrationen</subfield><subfield code="c">25 cm</subfield></datafield><datafield ind1=" " ind2=" " tag="336"><subfield code="b">txt</subfield><subfield code="2">rdacontent</subfield></datafield><datafield ind1=" " ind2=" " tag="337"><subfield code="b">n</subfield><subfield code="2">rdamedia</subfield></datafield><datafield ind1=" " ind2=" " tag="338"><subfield code="b">nc</subfield><subfield code="2">rdacarrier</subfield></datafield><datafield ind1="1" ind2=" " tag="490"><subfield code="a">Studi di antichità cristiana</subfield><subfield code="v">44</subfield></datafield><datafield ind1=" " ind2=" " tag="500"><subfield code="a">Texte remanié d'une thèse, Bonn, 1989/90</subfield></datafield><datafield ind1=" " ind2=" " tag="502"><subfield code="a">Überarbeitete Dissertation Universität Bonn, 1989/90</subfield></datafield><datafield ind1=" " ind2="7" tag="648"><subfield code="a">Geschichte 350-400</subfield><subfield code="2">idszbz</subfield></datafield><datafield ind1=" " ind2="7" tag="648"><subfield code="a">Geschichte 350-450</subfield><subfield code="2">idszbz</subfield></datafield><datafield ind1=" " ind2="7" tag="648"><subfield code="a">Geschichte 400-450</subfield><subfield code="2">idszbz</subfield></datafield><datafield ind1=" " ind2="7" tag="648"><subfield code="a">Geschichte 379-450</subfield><subfield code="2">gnd</subfield></datafield><datafield ind1=" " ind2="7" tag="648"><subfield code="a">Geschichte 380-450</subfield><subfield code="2">gnd</subfield></datafield><datafield ind1=" " ind2="7" tag="650"><subfield code="a">Rilievi romani</subfield><subfield code="2">sbt12</subfield></datafield><datafield ind1=" " ind2="7" tag="650"><subfield code="a">Relief (sculpture)</subfield><subfield code="0">(IDREF)027815358</subfield><subfield code="2">idref</subfield></datafield><datafield ind1=" " ind2="7" tag="650"><subfield code="a">table (mobilier)</subfield><subfield code="0">(RERO)A010155826</subfield><subfield code="2">rerovoc</subfield></datafield><datafield ind1=" " ind2="7" tag="650"><subfield code="a">4e siècle-5e siècle</subfield><subfield code="2">idref</subfield></datafield><datafield ind1=" " ind2="7" tag="650"><subfield code="a">Relief</subfield><subfield code="2">idszbz</subfield></datafield><datafield ind1=" " ind2="7" tag="650"><subfield code="a">Bildprogramm</subfield><subfield code="0">(DE-588)4006632-0</subfield><subfield code="2">gnd</subfield></datafield><datafield ind1=" " ind2="7" tag="650"><subfield code="a">Marmortisch</subfield><subfield code="0">(DE-588)4237978-7</subfield><subfield code="2">gnd</subfield></datafield><datafield ind1=" " ind2="7" tag="650"><subfield code="a">Relief</subfield><subfield code="0">(DE-588)4049373-8</subfield><subfield code="2">gnd</subfield></datafield><datafield ind1=" " ind2="7" tag="650"><subfield code="a">Tisch</subfield><subfield code="0">(DE-588)4193315-1</subfield><subfield code="2">gnd</subfield></datafield><datafield ind1=" " ind2="0" tag="650"><subfield code="a">Decorative arts, Early Christian</subfield><subfield code="z">Middle East</subfield></datafield><datafield ind1=" " ind2="0" tag="650"><subfield code="a">Relief (Decorative arts)</subfield><subfield code="z">Middle East</subfield></datafield><datafield ind1=" " ind2="0" tag="650"><subfield code="a">Tables</subfield><subfield code="x">Religious aspects</subfield><subfield code="x">Christianity</subfield></datafield><datafield ind1=" " ind2="7" tag="650"><subfield code="a">Tisch</subfield><subfield code="y">Geschichte 5. Jh</subfield><subfield code="2">idsbb</subfield></datafield><datafield ind1=" " ind2="7" tag="650"><subfield code="a">Tisch</subfield><subfield code="y">Geschichte 4. Jh</subfield><subfield code="2">idsbb</subfield></datafield><datafield ind1=" " ind2="7" tag="650"><subfield code="a">Relief</subfield><subfield code="y">Geschichte 4. Jh</subfield><subfield code="2">idsbb</subfield></datafield><datafield ind1=" " ind2="7" tag="650"><subfield code="a">Relief</subfield><subfield code="y">Geschichte 5. Jh</subfield><subfield code="2">idsbb</subfield></datafield><datafield ind1=" " ind2="7" tag="650"><subfield code="a">Relief</subfield><subfield code="x">frühchristliches</subfield><subfield code="2">idsbb</subfield></datafield><datafield ind1=" " ind2="7" tag="650"><subfield code="a">Relief</subfield><subfield code="y">Geschichte Spätantike</subfield><subfield code="2">idsbb</subfield></datafield><datafield ind1=" " ind2="7" tag="651"><subfield code="a">Byzantinisches Reich</subfield><subfield code="2">idszbz</subfield></datafield><datafield ind1=" " ind2="7" tag="651"><subfield code="a">Byzantinisches Reich</subfield><subfield code="0">(DE-588)4009256-2</subfield><subfield code="2">gnd</subfield></datafield><datafield ind1=" " ind2="7" tag="651"><subfield code="a">Römisches Reich</subfield><subfield code="0">(DE-588)4076778-4</subfield><subfield code="2">gnd</subfield></datafield><datafield ind1=" " ind2="7" tag="651"><subfield code="a">Römisches Reich</subfield><subfield code="x">Ostprovinzen</subfield><subfield code="0">(DE-588)4216007-8</subfield><subfield code="2">gnd</subfield></datafield><datafield ind1=" " ind2="7" tag="655"><subfield code="a">Hochschulschrift</subfield><subfield code="2">gnd-content</subfield></datafield><datafield ind1=" " ind2=" " tag="691"><subfield code="e">700.032.7</subfield><subfield code="2">usi-TM</subfield></datafield><datafield ind1=" " ind2="0" tag="830"><subfield code="a">Studi di antichità cristiana</subfield><subfield code="v">44</subfield><subfield code="w">(IDSBB)000026726DSV01</subfield></datafield><datafield ind1=" " ind2=" " tag="900"><subfield code="a">REROnoselfmerge</subfield></datafield></record>
</metadata></record>