<record><header><identifier>oai:alma.41SLSP_UGE:991000770289705502</identifier><datestamp>2023-03-01T01:10:04Z</datestamp><setSpec>uge_bcen_RapidILL_BOOK</setSpec><setSpec>uge_aaca_RapidILL_BOOK</setSpec><setSpec>uge_abels_RapidILL_BOOK</setSpec><setSpec>uge_dbu_RapidILL_BOOK</setSpec><setSpec>uge_cmu_RapidILL_BOOK</setSpec><setSpec>uge_mail_RapidILL_BOOK</setSpec><setSpec>UNIGE_ALL</setSpec><setSpec>uge_abbat_RapidILL_BOOK</setSpec><setSpec>uge_aobs_RapidILL_BOOK</setSpec><setSpec>uge_acar_RapidILL_BOOK</setSpec></header><metadata>
<record xmlns="http://www.loc.gov/MARC21/slim" xmlns:xsi="http://www.w3.org/2001/XMLSchema-instance" xsi:schemaLocation="http://www.loc.gov/MARC21/slim http://www.loc.gov/standards/marcxml/schema/MARC21slim.xsd"><leader>01206naa a2200265 c 4500</leader><controlfield tag="001">991000770289705502</controlfield><controlfield tag="005">20230116184802.0</controlfield><controlfield tag="008">060127s2005    sz ||||| |||| 10| ||ita d</controlfield><datafield ind1=" " ind2=" " tag="035"><subfield code="a">(swissbib)10289258X-41slsp_network</subfield></datafield><datafield ind1=" " ind2=" " tag="035"><subfield code="a">10289258X</subfield><subfield code="9">ExL</subfield></datafield><datafield ind1=" " ind2=" " tag="035"><subfield code="a">(RERO)R003980651-41slsp</subfield></datafield><datafield ind1=" " ind2=" " tag="035"><subfield code="a">(EXLNZ-41SLSP_NETWORK)991010757279705501</subfield></datafield><datafield ind1=" " ind2=" " tag="040"><subfield code="a">RERO geulit</subfield><subfield code="d">CH-ZuSLS</subfield></datafield><datafield ind1=" " ind2=" " tag="044"><subfield code="a">sz</subfield><subfield code="c">ch-ti</subfield></datafield><datafield ind1=" " ind2="7" tag="072"><subfield code="a">it</subfield><subfield code="2">rero</subfield></datafield><datafield ind1="0" ind2="0" tag="245"><subfield code="a">Romano Amerio</subfield><subfield code="b">(1905-1997) : l'umanista, il luganese, il cattolico : atti del Convegno italo-svizzero nel primo centenario della nascita, Lugano, Università della Svizzera italiana, 29 gennaio 2005</subfield></datafield><datafield ind1=" " ind2=" " tag="336"><subfield code="b">txt</subfield><subfield code="2">rdacontent</subfield></datafield><datafield ind1=" " ind2=" " tag="337"><subfield code="b">n</subfield><subfield code="2">rdamedia</subfield></datafield><datafield ind1=" " ind2=" " tag="338"><subfield code="b">nc</subfield><subfield code="2">rdacarrier</subfield></datafield><datafield ind1=" " ind2=" " tag="580"><subfield code="a">In: Cenobio. - Lugano. - Anno 54, fasc. 3 (luglio-settembre 2005), p. 191-271</subfield></datafield><datafield ind1="1" ind2="7" tag="600"><subfield code="a">Amerio, Romano</subfield><subfield code="d">1905-1997</subfield><subfield code="0">(IDREF)029196264</subfield><subfield code="2">idref</subfield></datafield><datafield ind1=" " ind2="7" tag="655"><subfield code="a">Actes de congrès</subfield><subfield code="0">(IDREF)02886431X</subfield><subfield code="2">idref</subfield></datafield><datafield ind1="2" ind2=" " tag="710"><subfield code="a">Università della Svizzera italiana (Lugano)</subfield><subfield code="b">Convegno italo-svizzero</subfield><subfield code="d">2005</subfield><subfield code="c">Lugano</subfield><subfield code="0">(RERO)A012494122</subfield></datafield><datafield ind1="2" ind2=" " tag="710"><subfield code="a">Lugano</subfield><subfield code="b">Convegno italo-svizzero</subfield><subfield code="d">2005</subfield><subfield code="c">Lugano</subfield><subfield code="0">(RERO)A012494123</subfield></datafield><datafield ind1="0" ind2=" " tag="773"><subfield code="t">Cenobio : rivista trimestrale di cultura</subfield><subfield code="g">2005/191</subfield><subfield code="g">yr:2005</subfield><subfield code="w">(RERO)0055355-41slsp</subfield></datafield><datafield ind1=" " ind2=" " tag="900"><subfield code="a">REROnoselfmerge</subfield></datafield></record>
</metadata></record>