<record><header><identifier>oai:alma.41SLSP_UGE:991000769709705502</identifier><datestamp>2023-03-01T01:10:04Z</datestamp><setSpec>uge_bcen_RapidILL_BOOK</setSpec><setSpec>uge_aaca_RapidILL_BOOK</setSpec><setSpec>uge_abels_RapidILL_BOOK</setSpec><setSpec>uge_dbu_RapidILL_BOOK</setSpec><setSpec>uge_cmu_RapidILL_BOOK</setSpec><setSpec>uge_mail_RapidILL_BOOK</setSpec><setSpec>UNIGE_ALL</setSpec><setSpec>uge_abbat_RapidILL_BOOK</setSpec><setSpec>uge_aobs_RapidILL_BOOK</setSpec><setSpec>uge_acar_RapidILL_BOOK</setSpec></header><metadata>
<record xmlns="http://www.loc.gov/MARC21/slim" xmlns:xsi="http://www.w3.org/2001/XMLSchema-instance" xsi:schemaLocation="http://www.loc.gov/MARC21/slim http://www.loc.gov/standards/marcxml/schema/MARC21slim.xsd"><leader>01574nam a2200445 c 4500</leader><controlfield tag="001">991000769709705502</controlfield><controlfield tag="005">20230214193601.0</controlfield><controlfield tag="008">201012s1966    gw ||||| |||| 00| ||ger d</controlfield><datafield ind1=" " ind2=" " tag="035"><subfield code="a">(swissbib)233434534-41slsp_network</subfield></datafield><datafield ind1=" " ind2=" " tag="035"><subfield code="a">233434534</subfield><subfield code="9">ExL</subfield></datafield><datafield ind1=" " ind2=" " tag="035"><subfield code="a">(RERO)0160623-41slsp</subfield></datafield><datafield ind1=" " ind2=" " tag="035"><subfield code="a">(NEBIS)006538386EBI01</subfield></datafield><datafield ind1=" " ind2=" " tag="035"><subfield code="a">(IDSBB)000529515DSV01</subfield></datafield><datafield ind1=" " ind2=" " tag="035"><subfield code="a">(EXLNZ-41SLSP_NETWORK)991062960019705501</subfield></datafield><datafield ind1=" " ind2=" " tag="040"><subfield code="a">RERO</subfield><subfield code="d">CH-ZuSLS</subfield></datafield><datafield ind1=" " ind2="7" tag="072"><subfield code="a">la</subfield><subfield code="2">rero</subfield></datafield><datafield ind1=" " ind2="7" tag="072"><subfield code="a">kp</subfield><subfield code="2">SzZuIDS BS/BE</subfield></datafield><datafield ind1="1" ind2=" " tag="100"><subfield code="a">Schäfer, Eckart</subfield><subfield code="d">1939-....</subfield><subfield code="0">(IDREF)113395124</subfield><subfield code="4">cre</subfield></datafield><datafield ind1="1" ind2="0" tag="245"><subfield code="a">&lt;&lt;Das&gt;&gt; Verhältnis von Erlebnis und Kunstgestalt bei Catull</subfield><subfield code="c">von Eckart Schäfer</subfield></datafield><datafield ind1=" " ind2="1" tag="264"><subfield code="a">Wiesbaden</subfield><subfield code="b">F. Steiner</subfield><subfield code="c">1966</subfield></datafield><datafield ind1=" " ind2=" " tag="300"><subfield code="a">115 p.</subfield><subfield code="c">25 cm</subfield></datafield><datafield ind1=" " ind2=" " tag="336"><subfield code="b">txt</subfield><subfield code="2">rdacontent</subfield></datafield><datafield ind1=" " ind2=" " tag="337"><subfield code="b">n</subfield><subfield code="2">rdamedia</subfield></datafield><datafield ind1=" " ind2=" " tag="338"><subfield code="b">nc</subfield><subfield code="2">rdacarrier</subfield></datafield><datafield ind1="1" ind2=" " tag="490"><subfield code="a">Hermes. Einzelschriften</subfield><subfield code="v">Heft 18</subfield></datafield><datafield ind1=" " ind2=" " tag="502"><subfield code="a">Diss. Univ. Freiburg i. Br.</subfield></datafield><datafield ind1="0" ind2="7" tag="600"><subfield code="a">Catulle</subfield><subfield code="d">0087?-0052? av. J.-C.</subfield><subfield code="0">(IDREF)02677254X</subfield><subfield code="2">idref</subfield></datafield><datafield ind1="1" ind2="7" tag="600"><subfield code="a">Catullus, Gaius Valerius</subfield><subfield code="d">ca. v84-v55</subfield><subfield code="0">(DE-588)118519719</subfield><subfield code="2">gnd</subfield></datafield><datafield ind1=" " ind2="7" tag="650"><subfield code="a">vécu</subfield><subfield code="0">(RERO)A010035910</subfield><subfield code="2">rerovoc</subfield></datafield><datafield ind1=" " ind2="7" tag="650"><subfield code="a">Autobiographie</subfield><subfield code="0">(IDREF)02759436X</subfield><subfield code="2">idref</subfield></datafield><datafield ind1=" " ind2="7" tag="650"><subfield code="a">Poésie</subfield><subfield code="0">(IDREF)027247465</subfield><subfield code="2">idref</subfield></datafield><datafield ind1=" " ind2="7" tag="650"><subfield code="a">Erlebnis</subfield><subfield code="0">(DE-588)4134679-8</subfield><subfield code="2">gnd</subfield></datafield><datafield ind1=" " ind2="7" tag="650"><subfield code="a">Literatur</subfield><subfield code="0">(DE-588)4035964-5</subfield><subfield code="2">gnd</subfield></datafield><datafield ind1=" " ind2="4" tag="650"><subfield code="a">Erlebnis</subfield></datafield><datafield ind1=" " ind2="4" tag="650"><subfield code="a">Literatur</subfield></datafield><datafield ind1=" " ind2="7" tag="655"><subfield code="a">Hochschulschrift</subfield><subfield code="2">gnd-content</subfield></datafield><datafield ind1=" " ind2=" " tag="690"><subfield code="a">Catull / Einzelne Fragen</subfield><subfield code="2">uzb-Z9</subfield></datafield><datafield ind1=" " ind2="0" tag="830"><subfield code="a">Hermes</subfield><subfield code="p">Steiner</subfield><subfield code="p">Einzelschriften</subfield><subfield code="v">18</subfield><subfield code="w">(IDSBB)000018601DSV01</subfield></datafield><datafield ind1=" " ind2=" " tag="900"><subfield code="a">REROnoselfmerge</subfield></datafield><datafield ind1=" " ind2=" " tag="900"><subfield code="a">IDSZRMedeaZBZ</subfield></datafield><datafield ind1=" " ind2=" " tag="900"><subfield code="a">IDSU2remark</subfield><subfield code="f">IDSU2medea</subfield></datafield></record>
</metadata></record>