<record><header><identifier>oai:alma.41SLSP_UGE:991000770019705502</identifier><datestamp>2023-03-02T01:16:29Z</datestamp><setSpec>uge_cmu_RapidILL_JOURNAL</setSpec><setSpec>uge_aobs_RapidILL_JOURNAL</setSpec><setSpec>uge_aaca_RapidILL_JOURNAL</setSpec><setSpec>uge_abbat_RapidILL_JOURNAL</setSpec><setSpec>uge_bcen_RapidILL_JOURNAL</setSpec><setSpec>uge_dbu_RapidILL_JOURNAL</setSpec><setSpec>uge_mail_RapidILL_JOURNAL</setSpec><setSpec>uge_abels_RapidILL_JOURNAL</setSpec><setSpec>UNIGE_ALL</setSpec><setSpec>uge_acar_RapidILL_JOURNAL</setSpec></header><metadata>
<record xmlns="http://www.loc.gov/MARC21/slim" xmlns:xsi="http://www.w3.org/2001/XMLSchema-instance" xsi:schemaLocation="http://www.loc.gov/MARC21/slim http://www.loc.gov/standards/marcxml/schema/MARC21slim.xsd"><leader>01485nas a2200313 c 4500</leader><controlfield tag="001">991000770019705502</controlfield><controlfield tag="005">20230228192112.0</controlfield><controlfield tag="008">961019d19691981sz || p|  ||| 0    0ger d</controlfield><datafield ind1=" " ind2=" " tag="035"><subfield code="a">(swissbib)077241037-41slsp_network</subfield></datafield><datafield ind1=" " ind2=" " tag="035"><subfield code="a">077241037</subfield><subfield code="9">ExL</subfield></datafield><datafield ind1=" " ind2=" " tag="035"><subfield code="a">(RERO)0139239-41slsp</subfield></datafield><datafield ind1=" " ind2=" " tag="035"><subfield code="a">(EXLNZ-41SLSP_NETWORK)991076468959705501</subfield></datafield><datafield ind1=" " ind2=" " tag="040"><subfield code="a">RERO</subfield><subfield code="d">CH-ZuSLS</subfield></datafield><datafield ind1=" " ind2="7" tag="072"><subfield code="a">am</subfield><subfield code="2">rero</subfield></datafield><datafield ind1=" " ind2="7" tag="072"><subfield code="a">se</subfield><subfield code="2">rero</subfield></datafield><datafield ind1="0" ind2="0" tag="245"><subfield code="a">Unternehmungsführung im Gewerbe</subfield><subfield code="b">Chef-Magazin für Klein- und Mittelbetriebe</subfield><subfield code="c">hrsg. vom Schweizerischen Institut für Unternehmerschulung im Gewerbe</subfield></datafield><datafield ind1=" " ind2="1" tag="264"><subfield code="a">Bern</subfield><subfield code="b">Schweiz. Institut für Unternhemerschulung im Gewerbe</subfield></datafield><datafield ind1=" " ind2=" " tag="300"><subfield code="c">30 cm</subfield></datafield><datafield ind1=" " ind2=" " tag="336"><subfield code="b">txt</subfield><subfield code="2">rdacontent</subfield></datafield><datafield ind1=" " ind2=" " tag="337"><subfield code="b">n</subfield><subfield code="2">rdamedia</subfield></datafield><datafield ind1=" " ind2=" " tag="338"><subfield code="b">nc</subfield><subfield code="2">rdacarrier</subfield></datafield><datafield ind1="0" ind2=" " tag="362"><subfield code="a">Jg. 1(1969)-Jg. 13, No 2(1981)</subfield></datafield><datafield ind1=" " ind2=" " tag="580"><subfield code="a">Devient: Chef-Magazin für Klein- und Mittelbetriebe</subfield></datafield><datafield ind1=" " ind2=" " tag="580"><subfield code="a">De 1978 à 1980 absorbe: Gewerbliche Rundschau</subfield></datafield><datafield ind1=" " ind2="7" tag="650"><subfield code="a">Entreprises</subfield><subfield code="x">Direction générale</subfield><subfield code="0">(IDREF)029342678</subfield><subfield code="2">idref</subfield></datafield><datafield ind1=" " ind2="7" tag="655"><subfield code="a">Périodiques</subfield><subfield code="0">(IDREF)02724640X</subfield><subfield code="2">idref</subfield></datafield><datafield ind1="2" ind2=" " tag="710"><subfield code="a">Institut suisse pour la formation des chefs d'entreprises dans les arts et métiers</subfield><subfield code="0">(RERO)A000087487</subfield></datafield><datafield ind1="0" ind2=" " tag="777"><subfield code="t">Gewerbliche Rundschau : Zeitschrift für Gewerbepolitik, Gewerbeförderung und gewerbliche Kultur</subfield><subfield code="w">(RERO)0123795-41slsp</subfield></datafield><datafield ind1="0" ind2="0" tag="785"><subfield code="t">Chef-Magazin für Klein- und Mittelbetriebe : Ideen und Entscheidungshilfen für den gewerblichen Unternehmer</subfield><subfield code="w">(RERO)0416155-41slsp</subfield></datafield><datafield ind1=" " ind2=" " tag="900"><subfield code="a">REROnoselfmerge</subfield></datafield></record>
</metadata></record>