<record><header><identifier>oai:alma.41SLSP_UGE:991000769809705502</identifier><datestamp>2024-03-07T01:23:09Z</datestamp><setSpec>uge_bcen_RapidILL_BOOK</setSpec><setSpec>uge_aaca_RapidILL_BOOK</setSpec><setSpec>uge_abels_RapidILL_BOOK</setSpec><setSpec>uge_dbu_RapidILL_BOOK</setSpec><setSpec>uge_cmu_RapidILL_BOOK</setSpec><setSpec>uge_mail_RapidILL_BOOK</setSpec><setSpec>uge_abbat_RapidILL_BOOK</setSpec><setSpec>UNIGE_ALL</setSpec><setSpec>uge_acar_RapidILL_BOOK</setSpec><setSpec>uge_aobs_RapidILL_BOOK</setSpec></header><metadata>
<record xmlns="http://www.loc.gov/MARC21/slim" xmlns:xsi="http://www.w3.org/2001/XMLSchema-instance" xsi:schemaLocation="http://www.loc.gov/MARC21/slim http://www.loc.gov/standards/marcxml/schema/MARC21slim.xsd"><leader>02124nam a2200277 c 4500</leader><controlfield tag="001">991000769809705502</controlfield><controlfield tag="005">20230402011734.0</controlfield><controlfield tag="008">140507s2014    fr ||||| |||| 00| ||fre d</controlfield><datafield ind1=" " ind2=" " tag="020"><subfield code="a">9782296960480</subfield></datafield><datafield ind1=" " ind2=" " tag="035"><subfield code="a">(swissbib)119651971-41slsp_network</subfield></datafield><datafield ind1=" " ind2=" " tag="035"><subfield code="a">119651971</subfield><subfield code="9">ExL</subfield></datafield><datafield ind1=" " ind2=" " tag="035"><subfield code="a">(RERO)R007727687-41slsp</subfield></datafield><datafield ind1=" " ind2=" " tag="035"><subfield code="a">(EXLNZ-41SLSP_NETWORK)991032785489705501</subfield></datafield><datafield ind1=" " ind2=" " tag="040"><subfield code="a">RERO geufpe</subfield><subfield code="d">CH-ZuSLS</subfield></datafield><datafield ind1=" " ind2="7" tag="072"><subfield code="a">ss</subfield><subfield code="2">rero</subfield></datafield><datafield ind1="0" ind2="0" tag="245"><subfield code="a">&lt;&lt;La&gt;&gt; gérontologie sociale</subfield><subfield code="b">héritages et réflexions contemporaines</subfield><subfield code="c">sous la dir. de Catherine Gucher</subfield></datafield><datafield ind1=" " ind2="1" tag="264"><subfield code="a">Paris</subfield><subfield code="b">L'Harmattan</subfield><subfield code="c">2014</subfield></datafield><datafield ind1=" " ind2=" " tag="300"><subfield code="a">303 p.</subfield><subfield code="b">ill.</subfield></datafield><datafield ind1=" " ind2=" " tag="336"><subfield code="b">txt</subfield><subfield code="2">rdacontent</subfield></datafield><datafield ind1=" " ind2=" " tag="337"><subfield code="b">n</subfield><subfield code="2">rdamedia</subfield></datafield><datafield ind1=" " ind2=" " tag="338"><subfield code="b">nc</subfield><subfield code="2">rdacarrier</subfield></datafield><datafield ind1="0" ind2=" " tag="490"><subfield code="a">La gérontologie en actes</subfield></datafield><datafield ind1="8" ind2=" " tag="520"><subfield code="a">La gérontologie sociale apparaît dans les années 60, d'abord aux Etats Unis, comme un domaine nouveau de recherche, centré sur les aspects démographiques, sociologiques, politiques, économiques et psychologiques du vieillissement. En France, à Grenoble, Michel Philibert, professeur de philosophie à l'Université des sciences sociales en est un pionnier. Avec la création du Centre Pluridisciplinaire de Gérontologie en 1970, il initie une recherche pluridisciplinaire, dont les avancées contribuent à la formation de nouveaux acteurs sociaux émergents de l'action gérontologique et participent à la diffusion dans la société de savoirs sur le vieillissement. Le contexte démographique, social, économique actuel présente aujourd'hui des bouleversements tels que &quot;le vieillissement de la population&quot; apparaît toujours comme porteur d'enjeux complexes. Revisitant l'oeuvre de Michel Philibert, cet ouvrage se propose d'en interroger la pertinence contemporaine et d'en saisir les prolongements dans les travaux actuels des chercheurs en sciences humaines et sociales, afin d'offrir au lecteur un support pour penser de manière renouvelée le vieillissement et la vieillesse.</subfield><subfield code="5">RERO/geufpe/2014.05</subfield></datafield><datafield ind1=" " ind2="7" tag="650"><subfield code="a">Gérontologie sociale</subfield><subfield code="0">(IDREF)027346234</subfield><subfield code="2">idref</subfield></datafield><datafield ind1=" " ind2="7" tag="655"><subfield code="a">[Études diverses]</subfield><subfield code="0">(RERO)A022249905</subfield><subfield code="2">rero</subfield></datafield><datafield ind1="1" ind2=" " tag="700"><subfield code="a">Gucher, Catherine</subfield><subfield code="c">sociologue</subfield><subfield code="d">1961-....</subfield><subfield code="0">(IDREF)058872191</subfield></datafield><datafield ind1=" " ind2=" " tag="900"><subfield code="a">REROnoselfmerge</subfield></datafield></record>
</metadata></record>