<record><header><identifier>oai:alma.41SLSP_UGE:991000794729705502</identifier><datestamp>2023-03-01T01:10:04Z</datestamp><setSpec>uge_bcen_RapidILL_BOOK</setSpec><setSpec>uge_aaca_RapidILL_BOOK</setSpec><setSpec>uge_abels_RapidILL_BOOK</setSpec><setSpec>uge_dbu_RapidILL_BOOK</setSpec><setSpec>uge_cmu_RapidILL_BOOK</setSpec><setSpec>uge_mail_RapidILL_BOOK</setSpec><setSpec>UNIGE_ALL</setSpec><setSpec>uge_abbat_RapidILL_BOOK</setSpec><setSpec>uge_aobs_RapidILL_BOOK</setSpec><setSpec>uge_acar_RapidILL_BOOK</setSpec></header><metadata>
<record xmlns="http://www.loc.gov/MARC21/slim" xmlns:xsi="http://www.w3.org/2001/XMLSchema-instance" xsi:schemaLocation="http://www.loc.gov/MARC21/slim http://www.loc.gov/standards/marcxml/schema/MARC21slim.xsd"><leader>01969nam a2200517 c 4500</leader><controlfield tag="001">991000794729705502</controlfield><controlfield tag="005">20201229222124.0</controlfield><controlfield tag="008">201011s1977    gw ||||| |||| 00| ||ger d</controlfield><datafield ind1=" " ind2=" " tag="020"><subfield code="a">3422008292</subfield></datafield><datafield ind1=" " ind2=" " tag="035"><subfield code="a">(swissbib)216957060-41slsp_network</subfield></datafield><datafield ind1=" " ind2=" " tag="035"><subfield code="a">216957060</subfield><subfield code="9">ExL</subfield></datafield><datafield ind1=" " ind2=" " tag="035"><subfield code="a">(RERO)R259133760-41slsp</subfield></datafield><datafield ind1=" " ind2=" " tag="035"><subfield code="a">(IDSBB)000680748DSV01</subfield></datafield><datafield ind1=" " ind2=" " tag="035"><subfield code="a">(NEBIS)003125648EBI01</subfield></datafield><datafield ind1=" " ind2=" " tag="035"><subfield code="a">(EXLNZ-41SLSP_NETWORK)991083126909705501</subfield></datafield><datafield ind1=" " ind2=" " tag="040"><subfield code="a">RERO gevbpu</subfield><subfield code="d">CH-ZuSLS</subfield></datafield><datafield ind1=" " ind2="7" tag="072"><subfield code="a">ha</subfield><subfield code="2">rero</subfield></datafield><datafield ind1=" " ind2="7" tag="072"><subfield code="a">ae</subfield><subfield code="2">SzZuIDS BS/BE</subfield></datafield><datafield ind1="1" ind2="4" tag="082"><subfield code="a">930</subfield><subfield code="2">15</subfield></datafield><datafield ind1=" " ind2=" " tag="084"><subfield code="a">6,21</subfield><subfield code="2">ssgn</subfield></datafield><datafield ind1=" " ind2=" " tag="084"><subfield code="a">BC 8220</subfield><subfield code="2">rvk</subfield></datafield><datafield ind1=" " ind2=" " tag="084"><subfield code="a">NG 3000</subfield><subfield code="2">rvk</subfield></datafield><datafield ind1="1" ind2=" " tag="100"><subfield code="6">880-01</subfield><subfield code="a">Wildung, Dietrich</subfield><subfield code="d">1941-....</subfield><subfield code="0">(IDREF)028302036</subfield><subfield code="4">cre</subfield></datafield><datafield ind1="1" ind2=" " tag="880"><subfield code="a">Wildung, Dietrich</subfield><subfield code="d">1941-</subfield><subfield code="0">(DE-588)115805311</subfield><subfield code="6">100-01</subfield></datafield><datafield ind1="1" ind2="0" tag="245"><subfield code="a">Imhotep und Amenhotep</subfield><subfield code="b">Gottwerdung im alten Ägypten</subfield><subfield code="c">von Dietrich Wildung</subfield></datafield><datafield ind1=" " ind2="1" tag="264"><subfield code="a">München [etc.]</subfield><subfield code="b">Deutscher Kunstverlag</subfield><subfield code="c">1977</subfield></datafield><datafield ind1=" " ind2=" " tag="300"><subfield code="a">VIII, 320 p., LXVII p. de pl.</subfield><subfield code="b">ill.</subfield><subfield code="c">30 cm</subfield></datafield><datafield ind1=" " ind2=" " tag="336"><subfield code="b">txt</subfield><subfield code="2">rdacontent</subfield></datafield><datafield ind1=" " ind2=" " tag="337"><subfield code="b">n</subfield><subfield code="2">rdamedia</subfield></datafield><datafield ind1=" " ind2=" " tag="338"><subfield code="b">nc</subfield><subfield code="2">rdacarrier</subfield></datafield><datafield ind1="1" ind2=" " tag="490"><subfield code="a">Münchener Universitätsschriften. Philosophische Fakultät</subfield></datafield><datafield ind1="1" ind2=" " tag="490"><subfield code="a">Münchner ägyptologische Studien</subfield><subfield code="v">H. 36</subfield></datafield><datafield ind1=" " ind2=" " tag="502"><subfield code="a">Zugl.: Habil. Schr. München, 1973</subfield></datafield><datafield ind1="0" ind2="7" tag="600"><subfield code="a">Imhotep</subfield><subfield code="c">Gott</subfield><subfield code="d">ca. v2600</subfield><subfield code="0">(DE-588)118555529</subfield><subfield code="2">gnd</subfield></datafield><datafield ind1="0" ind2="0" tag="600"><subfield code="a">Amenhotep</subfield><subfield code="c">son of Hapu</subfield><subfield code="d">active 14th century B.C</subfield><subfield code="x">Cult</subfield></datafield><datafield ind1="0" ind2="0" tag="600"><subfield code="a">Imhotep</subfield><subfield code="x">Cult</subfield></datafield><datafield ind1=" " ind2="7" tag="650"><subfield code="a">Apotheose</subfield><subfield code="0">(DE-588)4068777-6</subfield><subfield code="2">gnd</subfield></datafield><datafield ind1=" " ind2="7" tag="655"><subfield code="a">Hochschulschrift</subfield><subfield code="2">gnd-content</subfield></datafield><datafield ind1=" " ind2=" " tag="690"><subfield code="a">Amenhotep</subfield><subfield code="2">uzb-Z9</subfield></datafield><datafield ind1=" " ind2=" " tag="690"><subfield code="a">Apotheose</subfield><subfield code="2">uzb-Z9</subfield></datafield><datafield ind1=" " ind2=" " tag="690"><subfield code="a">Imhotep</subfield><subfield code="2">uzb-Z9</subfield></datafield><datafield ind1=" " ind2=" " tag="690"><subfield code="a">Ägypten (Altertum) / Religion, Mythologie / Aegyptische Religion / Götter</subfield><subfield code="2">uzb-Z9</subfield></datafield><datafield ind1=" " ind2=" " tag="830"><subfield code="a">Münchner ägyptologische Studien</subfield><subfield code="v">36</subfield><subfield code="w">(IDSBB)000106744DSV01</subfield></datafield><datafield ind1=" " ind2=" " tag="830"><subfield code="a">Münchener Universitäts-Schriften</subfield><subfield code="p">Reihe der Philosophischen Fakultät</subfield><subfield code="w">(RERO)0052030-41slsp</subfield></datafield><datafield ind1=" " ind2=" " tag="900"><subfield code="a">REROnoselfmerge</subfield></datafield><datafield ind1=" " ind2=" " tag="900"><subfield code="a">IDSZRMedeaZBZ</subfield></datafield><datafield ind1=" " ind2=" " tag="900"><subfield code="f">IDSU2medea</subfield></datafield></record>
</metadata></record>