<record><header><identifier>oai:alma.41SLSP_UGE:991000769819705502</identifier><datestamp>2024-09-05T00:05:43Z</datestamp><setSpec>uge_bcen_RapidILL_BOOK</setSpec><setSpec>uge_aaca_RapidILL_BOOK</setSpec><setSpec>uge_abels_RapidILL_BOOK</setSpec><setSpec>uge_dbu_RapidILL_BOOK</setSpec><setSpec>uge_cmu_RapidILL_BOOK</setSpec><setSpec>uge_mail_RapidILL_BOOK</setSpec><setSpec>uge_abbat_RapidILL_BOOK</setSpec><setSpec>UNIGE_ALL</setSpec><setSpec>uge_acar_RapidILL_BOOK</setSpec><setSpec>uge_aobs_RapidILL_BOOK</setSpec></header><metadata>
<record xmlns="http://www.loc.gov/MARC21/slim" xmlns:xsi="http://www.w3.org/2001/XMLSchema-instance" xsi:schemaLocation="http://www.loc.gov/MARC21/slim http://www.loc.gov/standards/marcxml/schema/MARC21slim.xsd"><leader>02890ncm a2200625 c 4500</leader><controlfield tag="001">991000769819705502</controlfield><controlfield tag="005">20240904165328.0</controlfield><controlfield tag="008">201011s2006    xxu||l||            lat d</controlfield><datafield ind1=" " ind2=" " tag="020"><subfield code="a">9780895796004</subfield></datafield><datafield ind1=" " ind2=" " tag="020"><subfield code="a">0895796007</subfield></datafield><datafield ind1=" " ind2=" " tag="035"><subfield code="a">(swissbib)221425888-41slsp_network</subfield></datafield><datafield ind1=" " ind2=" " tag="035"><subfield code="a">221425888</subfield><subfield code="9">ExL</subfield></datafield><datafield ind1=" " ind2=" " tag="035"><subfield code="a">(RERO)R004312150-41slsp</subfield></datafield><datafield ind1=" " ind2=" " tag="035"><subfield code="a">(IDSBB)004063508DSV01</subfield></datafield><datafield ind1=" " ind2=" " tag="035"><subfield code="a">(NEBIS)009222008EBI01</subfield></datafield><datafield ind1=" " ind2=" " tag="035"><subfield code="a">(EXLNZ-41SLSP_NETWORK)991120679489705501</subfield></datafield><datafield ind1=" " ind2=" " tag="040"><subfield code="a">RERO frbcuc</subfield><subfield code="d">CH-ZuSLS</subfield></datafield><datafield ind1="0" ind2=" " tag="041"><subfield code="a">eng</subfield><subfield code="a">lat</subfield></datafield><datafield ind1=" " ind2="7" tag="072"><subfield code="a">mu</subfield><subfield code="2">rero</subfield></datafield><datafield ind1=" " ind2="7" tag="072"><subfield code="a">mu</subfield><subfield code="2">SzZuIDS BS/BE</subfield></datafield><datafield ind1="1" ind2="4" tag="082"><subfield code="a">780</subfield><subfield code="2">15</subfield></datafield><datafield ind1="1" ind2=" " tag="100"><subfield code="a">Rovetta, Giovanni</subfield><subfield code="d">1596-1668</subfield><subfield code="0">(DE-588)134845633</subfield><subfield code="6">880-01</subfield></datafield><datafield ind1="1" ind2=" " tag="880"><subfield code="a">Rovetta, Giovanni</subfield><subfield code="0">(RERO)A005250573</subfield><subfield code="4">cre</subfield><subfield code="6">100-01</subfield></datafield><datafield ind1="1" ind2="0" tag="240"><subfield code="a">Messen</subfield></datafield><datafield ind1="1" ind2="0" tag="245"><subfield code="a">Masses</subfield><subfield code="c">Giovanni Rovetta ; ed. by Jonathan R.J. Drennan</subfield></datafield><datafield ind1=" " ind2="1" tag="264"><subfield code="a">Middleton Wis.</subfield><subfield code="b">A-R Ed.</subfield><subfield code="c">2006</subfield></datafield><datafield ind1=" " ind2=" " tag="300"><subfield code="a">1 Partitur</subfield><subfield code="e">3 Stimmen</subfield><subfield code="b">Ill.</subfield></datafield><datafield ind1=" " ind2=" " tag="336"><subfield code="b">ntm</subfield><subfield code="2">rdacontent</subfield></datafield><datafield ind1=" " ind2=" " tag="337"><subfield code="b">n</subfield><subfield code="2">rdamedia</subfield></datafield><datafield ind1=" " ind2=" " tag="338"><subfield code="b">nc</subfield><subfield code="2">rdacarrier</subfield></datafield><datafield ind1=" " ind2=" " tag="348"><subfield code="a">Partitur</subfield><subfield code="2">gnd-music</subfield></datafield><datafield ind1=" " ind2=" " tag="348"><subfield code="a">partition</subfield><subfield code="2">gnd-music/fre</subfield></datafield><datafield ind1=" " ind2=" " tag="348"><subfield code="a">partitura</subfield><subfield code="2">gnd-music/ita</subfield></datafield><datafield ind1=" " ind2=" " tag="348"><subfield code="a">Stimme</subfield><subfield code="2">gnd-music</subfield></datafield><datafield ind1=" " ind2=" " tag="348"><subfield code="a">partie</subfield><subfield code="2">gnd-music/fre</subfield></datafield><datafield ind1=" " ind2=" " tag="348"><subfield code="a">parte</subfield><subfield code="2">gnd-music/ita</subfield></datafield><datafield ind1=" " ind2=" " tag="382"><subfield code="a">Singstimme</subfield><subfield code="n">3</subfield><subfield code="n">1</subfield><subfield code="2">idsmusi</subfield></datafield><datafield ind1=" " ind2=" " tag="382"><subfield code="a">Singstimme</subfield><subfield code="n">4</subfield><subfield code="2">idsmusi</subfield></datafield><datafield ind1=" " ind2=" " tag="382"><subfield code="a">Singstimme</subfield><subfield code="n">5</subfield><subfield code="2">idsmusi</subfield></datafield><datafield ind1="1" ind2=" " tag="490"><subfield code="a">Recent researches in the music of the baroque era</subfield><subfield code="v">146</subfield></datafield><datafield ind1=" " ind2=" " tag="500"><subfield code="a">Krit. Bericht S. 193ff</subfield></datafield><datafield ind1=" " ind2=" " tag="500"><subfield code="a">Messa concertata a quattro voci##Messa concertata a tre voci, e due violini##Messa breve a quattro voci##Messa a cappella a quattro voci##Messa a cappella a cinque voci##Messa da morto a due chori##Appendix: Salmo Ad Dominum cum tribularer</subfield></datafield><datafield ind1=" " ind2=" " tag="500"><subfield code="a">Stimmen: Violine 1 + 2, Basso continuo</subfield></datafield><datafield ind1=" " ind2=" " tag="500"><subfield code="a">Kommentar engl., Gesangstext lat.</subfield></datafield><datafield ind1="0" ind2=" " tag="505"><subfield code="a">Messa concertata a quattro voci ; Messa concertata a tre voci, e due violini ; Messa breve a quattro voci ; Messa a cappella a quattro voci ; Messa a cappella a cinque voci ; Messa da morto a due chori ; Appendix: Salmo Ad Dominum cum tribularer</subfield></datafield><datafield ind1=" " ind2=" " tag="520"><subfield code="a">Enthält: Messa concertata a quattro voci ; Messa concertata a tre voci, e due violini ; Messa breve a quattro voci ; Messa a cappella a quattro voci ; Messa a cappella a cinque voci ; Messa da morto a due chori ; Salmo ad Dominum cum tribularer</subfield></datafield><datafield ind1=" " ind2="7" tag="655"><subfield code="a">Messe</subfield><subfield code="y">17. Jh.</subfield><subfield code="2">idsmusg</subfield></datafield><datafield ind1=" " ind2=" " tag="690"><subfield code="a">Messe</subfield><subfield code="q">Singstimme (3),Violine (2), Basso continuo</subfield><subfield code="t">17. Jh.</subfield><subfield code="v">Noten</subfield><subfield code="2">ids-music</subfield></datafield><datafield ind1=" " ind2=" " tag="690"><subfield code="a">Messe</subfield><subfield code="q">Singstimme (4)</subfield><subfield code="t">17. Jh.</subfield><subfield code="v">Noten</subfield><subfield code="2">ids-music</subfield></datafield><datafield ind1=" " ind2=" " tag="690"><subfield code="a">Messe</subfield><subfield code="q">Singstimme (5)</subfield><subfield code="t">17. Jh.</subfield><subfield code="v">Noten</subfield><subfield code="2">ids-music</subfield></datafield><datafield ind1="1" ind2=" " tag="700"><subfield code="a">Drennan, Jonathan</subfield></datafield><datafield ind1="1" ind2="2" tag="700"><subfield code="a">Rovetta, Giovanni</subfield><subfield code="t">Messes</subfield></datafield><datafield ind1="1" ind2="2" tag="700"><subfield code="a">Rovetta, Giovanni</subfield><subfield code="t">Ad Dominum cum tribularer</subfield></datafield><datafield ind1="1" ind2=" " tag="700"><subfield code="a">Drennan, Jonathan R. J.</subfield><subfield code="d">19..-....</subfield><subfield code="0">(IDREF)251367088</subfield></datafield><datafield ind1=" " ind2=" " tag="830"><subfield code="a">Recent researches in the music of the baroque era</subfield><subfield code="v">146</subfield><subfield code="w">(NEBIS)000988938EBI01</subfield></datafield><datafield ind1=" " ind2=" " tag="900"><subfield code="a">REROnoselfmerge</subfield></datafield><datafield ind1=" " ind2=" " tag="960"><subfield code="2">matmu</subfield><subfield code="a">Italie ; XVIIe ; Messe</subfield><subfield code="9">LOCAL</subfield></datafield></record>
</metadata></record>