<record><header><identifier>oai:alma.41SLSP_UGE:991000794209705502</identifier><datestamp>2023-03-01T01:10:04Z</datestamp><setSpec>uge_bcen_RapidILL_BOOK</setSpec><setSpec>uge_aaca_RapidILL_BOOK</setSpec><setSpec>uge_abels_RapidILL_BOOK</setSpec><setSpec>uge_dbu_RapidILL_BOOK</setSpec><setSpec>uge_cmu_RapidILL_BOOK</setSpec><setSpec>uge_mail_RapidILL_BOOK</setSpec><setSpec>UNIGE_ALL</setSpec><setSpec>uge_abbat_RapidILL_BOOK</setSpec><setSpec>uge_aobs_RapidILL_BOOK</setSpec><setSpec>uge_acar_RapidILL_BOOK</setSpec></header><metadata>
<record xmlns="http://www.loc.gov/MARC21/slim" xmlns:xsi="http://www.w3.org/2001/XMLSchema-instance" xsi:schemaLocation="http://www.loc.gov/MARC21/slim http://www.loc.gov/standards/marcxml/schema/MARC21slim.xsd"><leader>01052ncm a2200337 c 4500</leader><controlfield tag="001">991000794209705502</controlfield><controlfield tag="005">20201231115518.0</controlfield><controlfield tag="008">201012s1988    be ||u||            fre d</controlfield><datafield ind1=" " ind2=" " tag="020"><subfield code="a">9068530321</subfield></datafield><datafield ind1=" " ind2=" " tag="035"><subfield code="a">(swissbib)238412695-41slsp_network</subfield></datafield><datafield ind1=" " ind2=" " tag="035"><subfield code="a">238412695</subfield><subfield code="9">ExL</subfield></datafield><datafield ind1=" " ind2=" " tag="035"><subfield code="a">(RERO)1501293-41slsp</subfield></datafield><datafield ind1=" " ind2=" " tag="035"><subfield code="a">(IDSBB)001623161DSV01</subfield></datafield><datafield ind1=" " ind2=" " tag="035"><subfield code="a">(EXLNZ-41SLSP_NETWORK)991144676979705501</subfield></datafield><datafield ind1=" " ind2=" " tag="040"><subfield code="a">RERO labcur</subfield><subfield code="d">CH-ZuSLS</subfield></datafield><datafield ind1="0" ind2=" " tag="041"><subfield code="a">fre</subfield><subfield code="a">lat</subfield></datafield><datafield ind1=" " ind2="7" tag="072"><subfield code="a">mu</subfield><subfield code="2">rero</subfield></datafield><datafield ind1=" " ind2="7" tag="072"><subfield code="a">mu</subfield><subfield code="2">SzZuIDS BS/BE</subfield></datafield><datafield ind1="1" ind2="4" tag="082"><subfield code="a">780</subfield><subfield code="2">15</subfield></datafield><datafield ind1=" " ind2=" " tag="084"><subfield code="a">LU 22500</subfield><subfield code="2">rvk</subfield></datafield><datafield ind1="0" ind2="0" tag="245"><subfield code="a">Chansonnier of Marguerite of Austria</subfield><subfield code="b">Brussel, Koninklijke Bibliotheek, MS. 11239</subfield><subfield code="c">introd.: Martin Picker</subfield></datafield><datafield ind1=" " ind2=" " tag="250"><subfield code="a">[2nd ed.]</subfield></datafield><datafield ind1=" " ind2="1" tag="264"><subfield code="a">Peer</subfield><subfield code="b">Musica Alamire</subfield><subfield code="c">1988</subfield></datafield><datafield ind1=" " ind2=" " tag="300"><subfield code="a">1 Partitur (10, [68] S.)</subfield><subfield code="c">23 cm</subfield></datafield><datafield ind1=" " ind2=" " tag="336"><subfield code="b">ntm</subfield><subfield code="2">rdacontent</subfield></datafield><datafield ind1=" " ind2=" " tag="337"><subfield code="b">n</subfield><subfield code="2">rdamedia</subfield></datafield><datafield ind1=" " ind2=" " tag="338"><subfield code="b">nc</subfield><subfield code="2">rdacarrier</subfield></datafield><datafield ind1="1" ind2=" " tag="490"><subfield code="a">Facsimile</subfield></datafield><datafield ind1="1" ind2=" " tag="700"><subfield code="a">Picker, Martin</subfield><subfield code="d">1929-....</subfield><subfield code="0">(IDREF)034556087</subfield></datafield><datafield ind1="2" ind2=" " tag="710"><subfield code="a">Bibliothèque royale de Belgique (Bruxelles)</subfield><subfield code="0">(RERO)A000183141</subfield></datafield><datafield ind1=" " ind2="0" tag="830"><subfield code="a">Facsimile</subfield></datafield><datafield ind1=" " ind2=" " tag="900"><subfield code="a">REROnoselfmerge</subfield></datafield><datafield ind1=" " ind2=" " tag="993"><subfield code="a">T.MarA.2</subfield><subfield code="x">fondsmeylan2010</subfield><subfield code="9">LOCAL</subfield></datafield></record>
</metadata></record>