<record><header><identifier>oai:alma.41SLSP_UGE:991000794519705502</identifier><datestamp>2024-10-31T01:13:10Z</datestamp><setSpec>uge_bcen_RapidILL_BOOK</setSpec><setSpec>uge_aaca_RapidILL_BOOK</setSpec><setSpec>uge_abels_RapidILL_BOOK</setSpec><setSpec>uge_dbu_RapidILL_BOOK</setSpec><setSpec>uge_cmu_RapidILL_BOOK</setSpec><setSpec>uge_mail_RapidILL_BOOK</setSpec><setSpec>uge_abbat_RapidILL_BOOK</setSpec><setSpec>UNIGE_ALL</setSpec><setSpec>uge_aobs_RapidILL_BOOK</setSpec><setSpec>uge_acar_RapidILL_BOOK</setSpec></header><metadata>
<record xmlns="http://www.loc.gov/MARC21/slim" xmlns:xsi="http://www.w3.org/2001/XMLSchema-instance" xsi:schemaLocation="http://www.loc.gov/MARC21/slim http://www.loc.gov/standards/marcxml/schema/MARC21slim.xsd"><leader>01875nam a2200469 c 4500</leader><controlfield tag="001">991000794519705502</controlfield><controlfield tag="005">20230316195907.0</controlfield><controlfield tag="008">201011s2012    it ||||| |||| 00| ||ita d</controlfield><datafield ind1=" " ind2=" " tag="020"><subfield code="a">9788872286463</subfield></datafield><datafield ind1=" " ind2=" " tag="035"><subfield code="a">(swissbib)223092894-41slsp_network</subfield></datafield><datafield ind1=" " ind2=" " tag="035"><subfield code="a">223092894</subfield><subfield code="9">ExL</subfield></datafield><datafield ind1=" " ind2=" " tag="035"><subfield code="a">(RERO)R007050545-41slsp</subfield></datafield><datafield ind1=" " ind2=" " tag="035"><subfield code="a">(IDSBB)005971353DSV01</subfield></datafield><datafield ind1=" " ind2=" " tag="035"><subfield code="a">(NEBIS)009702505EBI01</subfield></datafield><datafield ind1=" " ind2=" " tag="035"><subfield code="a">(EXLNZ-41SLSP_NETWORK)991150658369705501</subfield></datafield><datafield ind1=" " ind2=" " tag="040"><subfield code="a">RERO gevbge</subfield><subfield code="d">CH-ZuSLS</subfield></datafield><datafield ind1=" " ind2="7" tag="072"><subfield code="a">ar</subfield><subfield code="2">rero</subfield></datafield><datafield ind1=" " ind2="7" tag="072"><subfield code="a">ar</subfield><subfield code="2">SzZuIDS BS/BE</subfield></datafield><datafield ind1="1" ind2="4" tag="082"><subfield code="a">930</subfield><subfield code="2">15</subfield></datafield><datafield ind1=" " ind2=" " tag="084"><subfield code="a">LG 1700</subfield><subfield code="2">rvk</subfield></datafield><datafield ind1="0" ind2="0" tag="245"><subfield code="a">Nani in festa</subfield><subfield code="b">iconografia, religione e politica a Ostia durante il secondo triumvirato</subfield><subfield code="c">a cura di Christophe Bocherens ; [Jean-Marc Moret ... et al.]</subfield></datafield><datafield ind1=" " ind2="1" tag="264"><subfield code="a">Bari</subfield><subfield code="b">Edipuglia</subfield><subfield code="c">2012</subfield></datafield><datafield ind1=" " ind2=" " tag="300"><subfield code="a">213 p.</subfield><subfield code="b">ill. en coul.</subfield><subfield code="c">30 cm</subfield></datafield><datafield ind1=" " ind2=" " tag="336"><subfield code="b">txt</subfield><subfield code="2">rdacontent</subfield></datafield><datafield ind1=" " ind2=" " tag="337"><subfield code="b">n</subfield><subfield code="2">rdamedia</subfield></datafield><datafield ind1=" " ind2=" " tag="338"><subfield code="b">nc</subfield><subfield code="2">rdacarrier</subfield></datafield><datafield ind1="1" ind2=" " tag="490"><subfield code="a">Bibliotheca archaeologica</subfield><subfield code="v">26</subfield></datafield><datafield ind1=" " ind2=" " tag="504"><subfield code="a">Bibliogr.: p. 184-213</subfield></datafield><datafield ind1=" " ind2="7" tag="650"><subfield code="a">Fêtes religieuses</subfield><subfield code="0">(IDREF)027266710</subfield><subfield code="2">idref</subfield></datafield><datafield ind1=" " ind2="7" tag="650"><subfield code="a">nain (être humain)</subfield><subfield code="0">(RERO)A010013006</subfield><subfield code="2">rerovoc</subfield></datafield><datafield ind1=" " ind2="7" tag="650"><subfield code="a">Peinture romaine</subfield><subfield code="0">(IDREF)02848083X</subfield><subfield code="2">idref</subfield></datafield><datafield ind1=" " ind2="7" tag="650"><subfield code="a">Wandmalerei</subfield><subfield code="0">(DE-588)4064542-3</subfield><subfield code="2">gnd</subfield></datafield><datafield ind1=" " ind2="7" tag="650"><subfield code="a">Zwerg</subfield><subfield code="0">(DE-588)4138283-3</subfield><subfield code="2">gnd</subfield></datafield><datafield ind1=" " ind2="7" tag="651"><subfield code="a">Ostie (Italie) - Domus aux bucranes</subfield><subfield code="0">(RERO)A014013516</subfield><subfield code="2">rero</subfield></datafield><datafield ind1=" " ind2="7" tag="651"><subfield code="a">Ostia Antica</subfield><subfield code="0">(DE-588)4044080-1</subfield><subfield code="2">gnd</subfield></datafield><datafield ind1="1" ind2=" " tag="700"><subfield code="a">Moret, Jean-Marc</subfield><subfield code="d">1942-....</subfield><subfield code="0">(IDREF)029326176</subfield></datafield><datafield ind1="1" ind2=" " tag="700"><subfield code="a">Bocherens, Christophe</subfield><subfield code="d">19..-....</subfield><subfield code="0">(IDREF)162456697</subfield></datafield><datafield ind1="4" ind2=" " tag="856"><subfield code="3">Inhaltsverzeichnis</subfield><subfield code="u">http://www.ub.unibas.ch/tox/IDSBB/005971353/PDF</subfield><subfield code="q">pdf</subfield></datafield><datafield ind1=" " ind2="0" tag="830"><subfield code="a">Bibliotheca archaeologica</subfield><subfield code="p">Edipuglia</subfield><subfield code="v">26</subfield><subfield code="w">(RERO)2173958-41slsp</subfield></datafield><datafield ind1=" " ind2="0" tag="830"><subfield code="a">Bibliotheca archaeologica</subfield><subfield code="g">Bari : Edipuglia</subfield><subfield code="v">26</subfield><subfield code="w">(NEBIS)004008479EBI01</subfield></datafield><datafield ind1=" " ind2=" " tag="900"><subfield code="a">REROnoselfmerge</subfield></datafield><datafield ind1=" " ind2=" " tag="911"><subfield code="a">700</subfield><subfield code="a">Moret, Jean-Marc</subfield><subfield code="d">1942-</subfield></datafield><datafield ind1=" " ind2=" " tag="949"><subfield code="a">http://www.ub.unibas.ch/tox/IDSBB/005971353/PDF</subfield></datafield></record>
</metadata></record>