<record><header><identifier>oai:alma.41SLSP_UGE:991000770649705502</identifier><datestamp>2024-10-05T00:12:51Z</datestamp><setSpec>uge_bcen_RapidILL_BOOK</setSpec><setSpec>uge_aaca_RapidILL_BOOK</setSpec><setSpec>uge_abels_RapidILL_BOOK</setSpec><setSpec>uge_dbu_RapidILL_BOOK</setSpec><setSpec>uge_cmu_RapidILL_BOOK</setSpec><setSpec>uge_mail_RapidILL_BOOK</setSpec><setSpec>uge_abbat_RapidILL_BOOK</setSpec><setSpec>UNIGE_ALL</setSpec><setSpec>uge_acar_RapidILL_BOOK</setSpec><setSpec>uge_aobs_RapidILL_BOOK</setSpec></header><metadata>
<record xmlns="http://www.loc.gov/MARC21/slim" xmlns:xsi="http://www.w3.org/2001/XMLSchema-instance" xsi:schemaLocation="http://www.loc.gov/MARC21/slim http://www.loc.gov/standards/marcxml/schema/MARC21slim.xsd"><leader>01440nam a22003617c 4500</leader><controlfield tag="001">991000770649705502</controlfield><controlfield tag="005">20241004181121.0</controlfield><controlfield tag="008">201011m19521961it ||||| |||| 00| ||ita d</controlfield><datafield ind1=" " ind2=" " tag="035"><subfield code="a">(swissbib)230630340-41slsp_network</subfield></datafield><datafield ind1=" " ind2=" " tag="035"><subfield code="a">230630340</subfield><subfield code="9">ExL</subfield></datafield><datafield ind1=" " ind2=" " tag="035"><subfield code="a">(RERO)0577299-41slsp</subfield></datafield><datafield ind1=" " ind2=" " tag="035"><subfield code="a">(NEBIS)002936739EBI01</subfield></datafield><datafield ind1=" " ind2=" " tag="035"><subfield code="a">(EXLNZ-41SLSP_NETWORK)991049669279705501</subfield></datafield><datafield ind1=" " ind2=" " tag="040"><subfield code="a">RERO labcud</subfield><subfield code="d">CH-ZuSLS</subfield></datafield><datafield ind1=" " ind2="7" tag="072"><subfield code="a">hg</subfield><subfield code="2">rero</subfield></datafield><datafield ind1="1" ind2=" " tag="100"><subfield code="a">Pareti, Luigi</subfield><subfield code="0">(RERO)A003670460</subfield><subfield code="4">cre</subfield></datafield><datafield ind1="1" ind2="0" tag="245"><subfield code="a">Storia di Roma e del mondo romano</subfield><subfield code="c">Luigi Pareti</subfield></datafield><datafield ind1=" " ind2="1" tag="264"><subfield code="a">[Torino]</subfield><subfield code="b">Unione tipografico-editrice torinese</subfield><subfield code="c">1952-1961</subfield></datafield><datafield ind1=" " ind2=" " tag="300"><subfield code="a">6 vol.</subfield><subfield code="b">ill.</subfield><subfield code="c">27 cm</subfield></datafield><datafield ind1=" " ind2=" " tag="336"><subfield code="b">txt</subfield><subfield code="2">rdacontent</subfield></datafield><datafield ind1=" " ind2=" " tag="337"><subfield code="b">n</subfield><subfield code="2">rdamedia</subfield></datafield><datafield ind1=" " ind2=" " tag="338"><subfield code="b">nc</subfield><subfield code="2">rdacarrier</subfield></datafield><datafield ind1="0" ind2="0" tag="505"><subfield code="g">Bd. 1</subfield><subfield code="t">&lt;&lt;L&gt;&gt;'Italia e Roma avanti il conflicto don Taranto (1000 c.-281 av. Cr.)</subfield></datafield><datafield ind1="0" ind2="0" tag="505"><subfield code="g">Bd. 2</subfield><subfield code="t">&lt;&lt;La&gt;&gt; Repubblica dalla guerra con Pirro ai prodromi di quella con Perseo (280-170 av. Cr.)</subfield></datafield><datafield ind1="0" ind2="0" tag="505"><subfield code="g">Bd. 3</subfield><subfield code="t">Dai prodromi della III guerra Macedonica al &quot;primo triumvirato&quot; (170-59 av. Cr.)</subfield></datafield><datafield ind1="0" ind2="0" tag="505"><subfield code="g">Bd. 4</subfield><subfield code="t">Dal primo triumvirato all'avvento di Vespasiano (58 av. Cr.-69 d. Cr.)</subfield></datafield><datafield ind1="0" ind2="0" tag="505"><subfield code="g">Bd. 5</subfield><subfield code="t">Da Vespasiano a Decio (69-251 d. Cr.)</subfield></datafield><datafield ind1="0" ind2="0" tag="505"><subfield code="g">Bd. 6</subfield><subfield code="t">Da Decio a Constantico (251-337 d. Cr.)</subfield></datafield><datafield ind1=" " ind2=" " tag="690"><subfield code="a">Rom : Geschichte</subfield><subfield code="2">uzb-UL</subfield></datafield><datafield ind1=" " ind2=" " tag="900"><subfield code="a">REROnoselfmerge</subfield></datafield><datafield ind1=" " ind2=" " tag="900"><subfield code="a">IDSZRMedeaZBZ</subfield><subfield code="b">IDSZRMehrbändig</subfield></datafield><datafield ind1=" " ind2=" " tag="900"><subfield code="a">IDSZRMedeaZBZ</subfield><subfield code="b">IDSZRSWK</subfield></datafield><datafield ind1=" " ind2=" " tag="900"><subfield code="a">IDSZRMedeaZBZ</subfield><subfield code="b">IDSZRJahr</subfield></datafield><datafield ind1=" " ind2=" " tag="900"><subfield code="f">IDSU2medea</subfield></datafield></record>
</metadata></record>