<record><header><identifier>oai:alma.41SLSP_UGE:991000795039705502</identifier><datestamp>2023-03-01T01:10:04Z</datestamp><setSpec>uge_bcen_RapidILL_BOOK</setSpec><setSpec>uge_aaca_RapidILL_BOOK</setSpec><setSpec>uge_abels_RapidILL_BOOK</setSpec><setSpec>uge_dbu_RapidILL_BOOK</setSpec><setSpec>uge_cmu_RapidILL_BOOK</setSpec><setSpec>uge_mail_RapidILL_BOOK</setSpec><setSpec>UNIGE_ALL</setSpec><setSpec>uge_abbat_RapidILL_BOOK</setSpec><setSpec>uge_aobs_RapidILL_BOOK</setSpec><setSpec>uge_acar_RapidILL_BOOK</setSpec></header><metadata>
<record xmlns="http://www.loc.gov/MARC21/slim" xmlns:xsi="http://www.w3.org/2001/XMLSchema-instance" xsi:schemaLocation="http://www.loc.gov/MARC21/slim http://www.loc.gov/standards/marcxml/schema/MARC21slim.xsd"><leader>01027nam a2200289 c 4500</leader><controlfield tag="001">991000795039705502</controlfield><controlfield tag="005">20201225163352.0</controlfield><controlfield tag="008">960525s1975    fr ||||| |||| 00| ||fre d</controlfield><datafield ind1=" " ind2=" " tag="035"><subfield code="a">(swissbib)078015634-41slsp_network</subfield></datafield><datafield ind1=" " ind2=" " tag="035"><subfield code="a">078015634</subfield><subfield code="9">ExL</subfield></datafield><datafield ind1=" " ind2=" " tag="035"><subfield code="a">(RERO)0274667-41slsp</subfield></datafield><datafield ind1=" " ind2=" " tag="035"><subfield code="a">(EXLNZ-41SLSP_NETWORK)991100759629705501</subfield></datafield><datafield ind1=" " ind2=" " tag="040"><subfield code="a">RERO</subfield><subfield code="d">CH-ZuSLS</subfield></datafield><datafield ind1="0" ind2=" " tag="041"><subfield code="a">fre</subfield><subfield code="a">lat</subfield></datafield><datafield ind1=" " ind2="7" tag="072"><subfield code="a">th</subfield><subfield code="2">rero</subfield></datafield><datafield ind1="1" ind2=" " tag="080"><subfield code="a">871TERT7CarC</subfield></datafield><datafield ind1="1" ind2=" " tag="100"><subfield code="a">Tertullien</subfield><subfield code="d">0155?-0222?</subfield><subfield code="0">(IDREF)027398153</subfield><subfield code="4">cre</subfield></datafield><datafield ind1="1" ind2="0" tag="245"><subfield code="a">&lt;&lt;La&gt;&gt; chair du Christ</subfield><subfield code="c">Tertullien ; [éd. et trad. par] Jean-Pierre Mahé.</subfield><subfield code="n">T. 1</subfield><subfield code="p">Introduction, texte critique, traduction et commentaire</subfield></datafield><datafield ind1=" " ind2="1" tag="264"><subfield code="a">Paris</subfield><subfield code="b">Ed. du Cerf</subfield><subfield code="c">1975</subfield></datafield><datafield ind1=" " ind2=" " tag="300"><subfield code="a">309 p.</subfield><subfield code="c">20 cm</subfield></datafield><datafield ind1=" " ind2=" " tag="336"><subfield code="b">txt</subfield><subfield code="2">rdacontent</subfield></datafield><datafield ind1=" " ind2=" " tag="337"><subfield code="b">n</subfield><subfield code="2">rdamedia</subfield></datafield><datafield ind1=" " ind2=" " tag="338"><subfield code="b">nc</subfield><subfield code="2">rdacarrier</subfield></datafield><datafield ind1="1" ind2=" " tag="490"><subfield code="a">Sources chrétiennes</subfield><subfield code="v">no 216</subfield></datafield><datafield ind1=" " ind2=" " tag="500"><subfield code="a">Texte latin et trad. française en regard</subfield></datafield><datafield ind1="1" ind2=" " tag="800"><subfield code="a">Tertullianus, Quintus Septimius Florens</subfield><subfield code="t">&lt;&lt;La&gt;&gt; chair du Christ</subfield><subfield code="v">1</subfield></datafield><datafield ind1=" " ind2=" " tag="830"><subfield code="a">Sources chrétiennes</subfield><subfield code="v">216</subfield><subfield code="w">(RERO)0004377-41slsp</subfield></datafield><datafield ind1=" " ind2=" " tag="900"><subfield code="a">REROnoselfmerge</subfield></datafield></record>
</metadata></record>