<record><header><identifier>oai:alma.41SLSP_UGE:991000794809705502</identifier><datestamp>2023-03-01T01:10:04Z</datestamp><setSpec>uge_bcen_RapidILL_BOOK</setSpec><setSpec>uge_aaca_RapidILL_BOOK</setSpec><setSpec>uge_abels_RapidILL_BOOK</setSpec><setSpec>uge_dbu_RapidILL_BOOK</setSpec><setSpec>uge_cmu_RapidILL_BOOK</setSpec><setSpec>uge_mail_RapidILL_BOOK</setSpec><setSpec>UNIGE_ALL</setSpec><setSpec>uge_abbat_RapidILL_BOOK</setSpec><setSpec>uge_aobs_RapidILL_BOOK</setSpec><setSpec>uge_acar_RapidILL_BOOK</setSpec></header><metadata>
<record xmlns="http://www.loc.gov/MARC21/slim" xmlns:xsi="http://www.w3.org/2001/XMLSchema-instance" xsi:schemaLocation="http://www.loc.gov/MARC21/slim http://www.loc.gov/standards/marcxml/schema/MARC21slim.xsd"><leader>01198nam a2200265 c 4500</leader><controlfield tag="001">991000794809705502</controlfield><controlfield tag="005">20201126051204.0</controlfield><controlfield tag="008">090106s2008    fr ||||| |||| 00| ||fre d</controlfield><datafield ind1=" " ind2=" " tag="035"><subfield code="a">(swissbib)10755285X-41slsp_network</subfield></datafield><datafield ind1=" " ind2=" " tag="035"><subfield code="a">10755285X</subfield><subfield code="9">ExL</subfield></datafield><datafield ind1=" " ind2=" " tag="035"><subfield code="a">(RERO)R004976397-41slsp</subfield></datafield><datafield ind1=" " ind2=" " tag="035"><subfield code="a">(EXLNZ-41SLSP_NETWORK)991087790019705501</subfield></datafield><datafield ind1=" " ind2=" " tag="040"><subfield code="a">RERO geumem</subfield><subfield code="d">CH-ZuSLS</subfield></datafield><datafield ind1=" " ind2="7" tag="072"><subfield code="a">ba</subfield><subfield code="2">rero</subfield></datafield><datafield ind1="0" ind2="0" tag="245"><subfield code="a">Georges Rouquier</subfield><subfield code="c">éditorial par Catherine Blangonnet-Auer</subfield></datafield><datafield ind1=" " ind2="1" tag="264"><subfield code="a">Paris</subfield><subfield code="b">Association Images documentaires</subfield><subfield code="c">2008</subfield></datafield><datafield ind1=" " ind2=" " tag="300"><subfield code="a">125 p.</subfield><subfield code="b">ill.</subfield></datafield><datafield ind1=" " ind2=" " tag="336"><subfield code="b">txt</subfield><subfield code="2">rdacontent</subfield></datafield><datafield ind1=" " ind2=" " tag="337"><subfield code="b">n</subfield><subfield code="2">rdamedia</subfield></datafield><datafield ind1=" " ind2=" " tag="338"><subfield code="b">nc</subfield><subfield code="2">rdacarrier</subfield></datafield><datafield ind1="1" ind2=" " tag="490"><subfield code="a">Images documentaires</subfield><subfield code="v">64</subfield></datafield><datafield ind1="0" ind2=" " tag="505"><subfield code="a">Propos de Georges Rouquier autour de &quot;Farrebique&quot; / entretien avec François Porcile. L'accueil de &quot;Farrebique&quot;, reflet d'une polémique. A propos des trois courts métrages : &quot;Le Tonnelier&quot;, &quot;Le Charron&quot; et &quot;Le Chaudronnier&quot; / par François Porcile. Le chiffre et la lettre, critique de &quot;Biquefarre&quot; / par Alain Bergala. Filmographie. Bibliographie</subfield></datafield><datafield ind1="1" ind2="7" tag="600"><subfield code="a">Rouquier, Georges</subfield><subfield code="d">1909-1989</subfield><subfield code="0">(IDREF)032843003</subfield><subfield code="2">idref</subfield></datafield><datafield ind1="1" ind2=" " tag="700"><subfield code="a">Blangonnet, Catherine</subfield><subfield code="0">(IDREF)058010440</subfield></datafield><datafield ind1=" " ind2=" " tag="830"><subfield code="a">Images documentaires</subfield><subfield code="v">64</subfield><subfield code="w">(RERO)1794585-41slsp</subfield></datafield><datafield ind1=" " ind2=" " tag="900"><subfield code="a">REROnoselfmerge</subfield></datafield></record>
</metadata></record><resumptionToken>1900-01-01@all@UNIGE_ALL@marc21@5986560960005502</resumptionToken></ListRecords></OAI-PMH>